@ARTICLE{Huffman,
author={D. A. {Huffman}},
journal={Proceedings of the IRE},
title={A Method for the Construction of Minimum-Redundancy Codes},
year={1952},
volume={40},
number={9},
pages={1098-1101},
keywords={Transmitters},
doi={10.1109/JRPROC.1952.273898},
ISSN={},
month={Sep.},}

@article{s4,
      title={CMB-S4 Decadal Survey APC White Paper}, 
      author={Kevork Abazajian and Graeme Addison and Peter Adshead and Zeeshan Ahmed and Steven W. Allen and David Alonso and Marcelo Alvarez and Mustafa A. Amin and others},
      year={2019},
      eprint={1908.01062},
      archivePrefix={arXiv},
      primaryClass={astro-ph.IM},
      journal={arXiv Preprints}
}

@article{simons,
   title={The Simons Observatory: science goals and forecasts},
   volume={2019},
   ISSN={1475-7516},
   url={http://dx.doi.org/10.1088/1475-7516/2019/02/056},
   DOI={10.1088/1475-7516/2019/02/056},
   number={02},
   journal={Journal of Cosmology and Astroparticle Physics},
   publisher={IOP Publishing},
   author={Ade, Peter and Aguirre, James and Ahmed, Zeeshan and Aiola, Simone and Ali, Aamir and others},
   year={2019},
   month={Feb},
   pages={056–056}
}

@article{cbass,
   title={The C-Band All-Sky Survey (C-BASS): design and capabilities},
   volume={480},
   ISSN={1365-2966},
   url={http://dx.doi.org/10.1093/mnras/sty1956},
   DOI={10.1093/mnras/sty1956},
   number={3},
   journal={Monthly Notices of the Royal Astronomical Society},
   publisher={Oxford University Press (OUP)},
   author={Jones, Michael E and Taylor, Angela C and Aich, Moumita and Copley, C J and Chiang, H Cynthia and Davis, R J and Dickinson, C and Grumitt, R D P and Hafez, Yaser and Heilgendorff, Heiko M and et al.},
   year={2018},
   month={Jul},
   pages={3224–3242}
}

@misc{spider,
      title={A Constraint on Primordial $B$-Modes from the First Flight of the SPIDER Balloon-Borne Telescope}, 
      author={{SPIDER Collaboration} and P. A. R. Ade and M. Amiri and S. J. Benton and others},
      year={2021},
      eprint={2103.13334},
      archivePrefix={arXiv},
      primaryClass={astro-ph.CO}
}

@article{LiteBIRD,
author = {Hazumi, M. and Ade, Peter and Akiba, Y. and Alonso, David and Arnold, Kamugisha and Aumont, Jonathan and Baccigalupi, Carlo and Barron, D. and Basak, Susanta and Beckman, Shawn and Borrill, J. and Boulanger, F. and Bucher, Martin and Calabrese, Erminia and Chinone, Y. and Cho, S. and Cukierman, A. and Curtis, D. and Haan, T.},
year = {2019},
month = {03},
pages = {443-452},
title = {LiteBIRD: A Satellite for the Studies of B-Mode Polarization and Inflation from Cosmic Background Radiation Detection},
volume = {194},
journal = {Journal of Low Temperature Physics},
doi = {10.1007/s10909-019-02150-5}
}

@ARTICLE{CobeCombined,
       author = {{Xu}, Yongzhong and {Tegmark}, Max and {de Oliveira-Costa}, Angelica and
         {Devlin}, Mark J. and {Herbig}, Thomas and {Miller}, Amber D. and
         {Netterfield}, C. Barth and {Page}, Lyman},
        title = "{Comparing and combining the Saskatoon, QMAP, and COBE CMB maps}",
      journal = {\prd},
     keywords = {98.62.Py, 98.65.Dx, 98.70.Vc, 98.80.Es, Distances redshifts radial velocities, spatial distribution of galaxies, Superclusters, large-scale structure of the Universe, Background radiations, Observational cosmology, Astrophysics},
         year = 2001,
        month = may,
       volume = {63},
       number = {10},
          eid = {103002},
        pages = {103002},
          doi = {10.1103/PhysRevD.63.103002},
archivePrefix = {arXiv},
       eprint = {astro-ph/0010552},
 primaryClass = {astro-ph},
       adsurl = {https://ui.adsabs.harvard.edu/abs/2001PhRvD..63j3002X},
      adsnote = {Provided by the SAO/NASA Astrophysics Data System}
}

@article{tenerife,
author = { C. M.   Gutiérrez  and  R. D.   Davies  and  R. A.   Watson  and  R.   Rebolo  and  S.   Hancock  and  A. N.   Lasenby },
title = {Recent results of the Tenerife CMB experiments},
journal = {Astronomical \& Astrophysical Transactions},
volume = {10},
number = {1},
pages = {43-52},
year  = {1996},
publisher = {Taylor & Francis},
doi = {10.1080/10556799608203244},

URL = { 
        https://doi.org/10.1080/10556799608203244
    
},
eprint = { 
        https://doi.org/10.1080/10556799608203244    
}
}

@ARTICLE{cobe1,
       author = {{Smoot}, G.~F. and {Bennett}, C.~L. and {Kogut}, A. and {Wright}, E.~L. and
         {Aymon}, J. and {Boggess}, N.~W. and {Cheng}, E.~S. and {de Amici}, G. and
         {Gulkis}, S. and {Hauser}, M.~G. and {Hinshaw}, G. and
         {Jackson}, P.~D. and {Janssen}, M. and {Kaita}, E. and {Kelsall}, T. and
         {Keegstra}, P. and {Lineweaver}, C. and {Loewenstein}, K. and
         {Lubin}, P. and {Mather}, J. and {Meyer}, S.~S. and {Moseley}, S.~H. and
         {Murdock}, T. and {Rokke}, L. and {Silverberg}, R.~F. and
         {Tenorio}, L. and {Weiss}, R. and {Wilkinson}, D.~T.},
        title = "{Structure in the COBE Differential Microwave Radiometer First-Year Maps}",
      journal = {\apjl},
     keywords = {Cosmic Background Explorer Satellite, Microwave Radiometers, Normal Density Functions, Relic Radiation, Root-Mean-Square Errors, Astronomical Maps, Milky Way Galaxy, Space Radiation, COSMOLOGY: COSMIC MICROWAVE BACKGROUND, COSMOLOGY: OBSERVATIONS},
         year = 1992,
        month = sep,
       volume = {396},
        pages = {L1},
          doi = {10.1086/186504},
       adsurl = {https://ui.adsabs.harvard.edu/abs/1992ApJ...396L...1S},
      adsnote = {Provided by the SAO/NASA Astrophysics Data System}
}

@ARTICLE{cobe2,
       author = {{Bennett}, C.~L. and {Banday}, A.~J. and {Gorski}, K.~M. and
         {Hinshaw}, G. and {Jackson}, P. and {Keegstra}, P. and {Kogut}, A. and
         {Smoot}, G.~F. and {Wilkinson}, D.~T. and {Wright}, E.~L.},
        title = "{Four-Year COBE DMR Cosmic Microwave Background Observations: Maps and Basic Results}",
      journal = {\apjl},
     keywords = {COSMOLOGY: COSMIC MICROWAVE BACKGROUND, COSMOLOGY: OBSERVATIONS, Astrophysics},
         year = 1996,
        month = jun,
       volume = {464},
        pages = {L1},
          doi = {10.1086/310075},
archivePrefix = {arXiv},
       eprint = {astro-ph/9601067},
 primaryClass = {astro-ph},
       adsurl = {https://ui.adsabs.harvard.edu/abs/1996ApJ...464L...1B},
      adsnote = {Provided by the SAO/NASA Astrophysics Data System}
}

@ARTICLE{max,
       author = {{White}, Martin and {Bunn}, Emory F.},
        title = "{A First Map of the Cosmic Microwave Background at 0.5 degrees Resolution}",
      journal = {\apjl},
     keywords = {Astronomical Maps, Background Radiation, Maximum Entropy Method, Microwaves, Power Spectra, Anisotropy, Cosmic Background Explorer Satellite, Lagrange Multipliers, Millimeter Waves, Space Temperature, Spectral Resolution, Temperature Gradients, Astrophysics, COSMOLOGY: COSMIC MICROWAVE BACKGROUND, METHODS: NUMERICAL, Astrophysics},
         year = 1995,
        month = apr,
       volume = {443},
        pages = {L53},
          doi = {10.1086/187834},
archivePrefix = {arXiv},
       eprint = {astro-ph/9410088},
 primaryClass = {astro-ph},
       adsurl = {https://ui.adsabs.harvard.edu/abs/1995ApJ...443L..53W},
      adsnote = {Provided by the SAO/NASA Astrophysics Data System}
}

@article{saskatoon,
	doi = {10.1086/310440},
	url = {https://doi.org/10.1086%2F310440},
	year = 1997,
	month = {jan},
	publisher = {{IOP} Publishing},
	volume = {474},
	number = {2},
	pages = {L77--L80},
	author = {Max Tegmark and Ang{\'{e}}lica de Oliveira-Costa and Marc J. Devlin and C. Barth Netterfield and Lyman Page and Edward J. Wollack},
	title = {A High-Resolution Map of the Cosmic Microwave Background around the North Celestial Pole},
	journal = {The Astrophysical Journal},
	abstract = {We present a Wiener-filtered map of the cosmic microwave background (CMB) fluctuations in a cap with 15° diameter, centered at the north celestial pole. The map is based on the 1993-1995 data from the Saskatoon (SK) experiment, with an angular resolution around 1° in the frequency range 27.6-44.1 GHz. The signal-to-noise ratio in the map is of order 2, and some individual hot and cold spots are significant at the 5 σ level. The spatial features are found to be consistent from year to year, which reinforces the conclusion that the SK results are not dominated by residual atmospheric contamination or other noncelestial signals.}
}

@ARTICLE{tegmark,
       author = {{Tegmark}, Max},
        title = "{How to Make Maps from Cosmic Microwave Background Data without Losing Information}",
      journal = {\apjl},
     keywords = {COSMOLOGY: COSMIC MICROWAVE BACKGROUND, METHODS: DATA ANALYSIS, Cosmology: Cosmic Microwave Background, Methods: Data Analysis, Astrophysics},
         year = 1997,
        month = may,
       volume = {480},
       number = {2},
        pages = {L87-L90},
          doi = {10.1086/310631},
archivePrefix = {arXiv},
       eprint = {astro-ph/9611130},
 primaryClass = {astro-ph},
       adsurl = {https://ui.adsabs.harvard.edu/abs/1997ApJ...480L..87T},
      adsnote = {Provided by the SAO/NASA Astrophysics Data System}
}

@article{Healpix,
   title={HEALPix: A Framework for High‐Resolution Discretization and Fast Analysis of Data Distributed on the Sphere},
   volume={622},
   ISSN={1538-4357},
   url={http://dx.doi.org/10.1086/427976},
   DOI={10.1086/427976},
   number={2},
   journal={The Astrophysical Journal},
   publisher={IOP Publishing},
   author={Gorski, K. M. and Hivon, E. and Banday, A. J. and Wandelt, B. D. and Hansen, F. K. and Reinecke, M. and Bartelmann, M.},
   year={2005},
   month={Apr},
   pages={759–771}
}

@ARTICLE{wmap,
       author = {{Hinshaw}, G. and {Barnes}, C. and {Bennett}, C.~L. and
         {Greason}, M.~R. and {Halpern}, M. and {Hill}, R.~S. and {Jarosik}, N. and
         {Kogut}, A. and {Limon}, M. and {Meyer}, S.~S. and {Odegard}, N. and
         {Page}, L. and {Spergel}, D.~N. and {Tucker}, G.~S. and {Weiland
        }, J.~L. and {Wollack}, E. and {Wright}, E.~L.},
        title = "{First-Year Wilkinson Microwave Anisotropy Probe (WMAP) Observations: Data Processing Methods and Systematic Error Limits}",
      journal = {\apjs},
     keywords = {Cosmology: Cosmic Microwave Background, Cosmology: Observations, Instrumentation: Detectors, Methods: Data Analysis, Space Vehicles: Instruments, Astrophysics},
         year = 2003,
        month = sep,
       volume = {148},
       number = {1},
        pages = {63-95},
          doi = {10.1086/377222},
archivePrefix = {arXiv},
       eprint = {astro-ph/0302222},
 primaryClass = {astro-ph},
       adsurl = {https://ui.adsabs.harvard.edu/abs/2003ApJS..148...63H},
      adsnote = {Provided by the SAO/NASA Astrophysics Data System}
}


@article{libsharp,
   title={Libsharp – spherical harmonic transforms revisited},
   volume={554},
   ISSN={1432-0746},
   url={http://dx.doi.org/10.1051/0004-6361/201321494},
   DOI={10.1051/0004-6361/201321494},
   journal={Astronomy \& Astrophysics},
   publisher={EDP Sciences},
   author={Reinecke, M. and Seljebotn, D. S.},
   year={2013},
   month={Jun},
   pages={A112}
}

@article{LevelS,
	author = {{Reinecke, M.} and {Dolag, K.} and {Hell, R.} and {Bartelmann, M.} and {En\ss{}lin, T. A.}},
	title = {A simulation pipeline for the Planck mission},
	DOI= "10.1051/0004-6361:20053413",
	url= "https://doi.org/10.1051/0004-6361:20053413",
	journal = {A\&A},
	year = 2006,
	volume = 445,
	number = 1,
	pages = "373",
}

@article{cobeprocessing,
	title={COBE, the software},
	author={Cheng, E.},
	journal={Astronomical Data Analysis Software and Systems},
	volume=25,
	pages="368",
	year=1992,
	number=1,
}

@ARTICLE{WMAPilc1,
       author = {{Bennett}, C.~L. and {Hill}, R.~S. and {Hinshaw}, G. and {Nolta}, M.~R. and
         {Odegard}, N. and {Page}, L. and {Spergel}, D.~N. and {Weiland}, J.~L. and
         {Wright}, E.~L. and {Halpern}, M. and {Jarosik}, N. and {Kogut}, A. and
         {Limon}, M. and {Meyer}, S.~S. and {Tucker}, G.~S. and {Wollack}, E.},
        title = "{First-Year Wilkinson Microwave Anisotropy Probe (WMAP) Observations: Foreground Emission}",
      journal = {\apjs},
     keywords = {Cosmology: Cosmic Microwave Background, Cosmology: Observations, Cosmology: Diffuse Radiation, Galaxy: Halo, Galaxy: Structure, ISM: Structure, Astrophysics},
         year = 2003,
        month = sep,
       volume = {148},
       number = {1},
        pages = {97-117},
          doi = {10.1086/377252},
archivePrefix = {arXiv},
       eprint = {astro-ph/0302208},
 primaryClass = {astro-ph},
       adsurl = {https://ui.adsabs.harvard.edu/abs/2003ApJS..148...97B},
      adsnote = {Provided by the SAO/NASA Astrophysics Data System}
}

@ARTICLE{WMAPilc2,
       author = {{Eriksen}, H.~K. and {Banday}, A.~J. and {G{\'o}rski}, K.~M. and
         {Lilje}, P.~B.},
        title = "{On Foreground Removal from the Wilkinson Microwave Anisotropy Probe Data by an Internal Linear Combination Method: Limitations and Implications}",
      journal = {\apj},
     keywords = {Cosmology: Cosmic Microwave Background, Cosmology: Observations, Methods: Numerical, Astrophysics},
         year = 2004,
        month = sep,
       volume = {612},
       number = {2},
        pages = {633-646},
          doi = {10.1086/422807},
archivePrefix = {arXiv},
       eprint = {astro-ph/0403098},
 primaryClass = {astro-ph},
       adsurl = {https://ui.adsabs.harvard.edu/abs/2004ApJ...612..633E},
      adsnote = {Provided by the SAO/NASA Astrophysics Data System}
}

@ARTICLE{NILC,
       author = {{Delabrouille}, J. and {Cardoso}, J. -F. and {Le Jeune}, M. and
         {Betoule}, M. and {Fay}, G. and {Guilloux}, F.},
        title = "{A full sky, low foreground, high resolution CMB map from WMAP}",
      journal = {\aap},
     keywords = {cosmology: cosmic microwave background, methods: data analysis, Astrophysics},
         year = 2009,
        month = jan,
       volume = {493},
       number = {3},
        pages = {835-857},
          doi = {10.1051/0004-6361:200810514},
archivePrefix = {arXiv},
       eprint = {0807.0773},
 primaryClass = {astro-ph},
       adsurl = {https://ui.adsabs.harvard.edu/abs/2009A&A...493..835D},
      adsnote = {Provided by the SAO/NASA Astrophysics Data System}
}

@ARTICLE{SMICA,
       author = {{Cardoso}, Jean-Fran{\c{c}}ois and {Le Jeune}, Maude and
         {Delabrouille}, Jacques and {Betoule}, Marc and {Patanchon}, Guillaume},
        title = "{Component Separation With Flexible Models{\textemdash}Application to Multichannel Astrophysical Observations}",
      journal = {IEEE Journal of Selected Topics in Signal Processing},
         year = 2008,
        month = nov,
       volume = {2},
       number = {5},
        pages = {735-746},
          doi = {10.1109/JSTSP.2008.2005346},
       adsurl = {https://ui.adsabs.harvard.edu/abs/2008ISTSP...2..735C},
      adsnote = {Provided by the SAO/NASA Astrophysics Data System}
}

@ARTICLE{SEVEM,
       author = {{Fern{\'a}ndez-Cobos}, R. and {Vielva}, P. and {Barreiro}, R.~B. and
         {Mart{\'\i}nez-Gonz{\'a}lez}, E.},
        title = "{Multiresolution internal template cleaning: an application to the Wilkinson Microwave Anisotropy Probe 7-yr polarization data}",
      journal = {\mnras},
     keywords = {methods: data analysis, cosmic background radiation, Astrophysics - Cosmology and Extragalactic Astrophysics},
         year = 2012,
        month = mar,
       volume = {420},
       number = {3},
        pages = {2162-2169},
          doi = {10.1111/j.1365-2966.2011.20182.x},
archivePrefix = {arXiv},
       eprint = {1106.2016},
 primaryClass = {astro-ph.CO},
       adsurl = {https://ui.adsabs.harvard.edu/abs/2012MNRAS.420.2162F},
      adsnote = {Provided by the SAO/NASA Astrophysics Data System}
}

@ARTICLE{GMCA,

  author={J. {Bobin} and J. {Starck} and J. {Fadili} and Y. {Moudden}},

  journal={IEEE Transactions on Image Processing}, 

  title={Sparsity and Morphological Diversity in Blind Source Separation}, 

  year={2007},

  volume={16},

  number={11},

  pages={2662-2674},
}
  
@ARTICLE{fastICA,
       author = {{Maino}, D. and {Farusi}, A. and {Baccigalupi}, C. and {Perrotta}, F. and
         {Banday}, A.~J. and {Bedini}, L. and {Burigana}, C. and {De Zotti}, G. and
         {G{\'o}rski}, K.~M. and {Salerno}, E.},
        title = "{All-sky astrophysical component separation with Fast Independent Component Analysis (FASTICA)}",
      journal = {\mnras},
     keywords = {methods: data analysis, techniques: image processing, cosmic microwave background, Astrophysics},
         year = 2002,
        month = jul,
       volume = {334},
       number = {1},
        pages = {53-68},
          doi = {10.1046/j.1365-8711.2002.05425.x},
archivePrefix = {arXiv},
       eprint = {astro-ph/0108362},
 primaryClass = {astro-ph},
       adsurl = {https://ui.adsabs.harvard.edu/abs/2002MNRAS.334...53M},
      adsnote = {Provided by the SAO/NASA Astrophysics Data System}
}

 @ARTICLE{commander,
       author = {{Eriksen}, H.~K. and {Jewell}, J.~B. and {Dickinson}, C. and {Band
        ay}, A.~J. and {G{\'o}rski}, K.~M. and {Lawrence}, C.~R.},
        title = "{Joint Bayesian Component Separation and CMB Power Spectrum Estimation}",
      journal = {\apj},
     keywords = {cosmic microwave background, cosmology: observations, methods: numerical, Astrophysics},
         year = 2008,
        month = mar,
       volume = {676},
       number = {1},
        pages = {10-32},
          doi = {10.1086/525277},
archivePrefix = {arXiv},
       eprint = {0709.1058},
 primaryClass = {astro-ph},
       adsurl = {https://ui.adsabs.harvard.edu/abs/2008ApJ...676...10E},
      adsnote = {Provided by the SAO/NASA Astrophysics Data System}
}

@article{madam,
    author = {Keihänen, E. and Kurki-Suonio, H. and Poutanen, T.},
    title = "{Madam - a map-making method for CMB experiments}",
    journal = {Monthly Notices of the Royal Astronomical Society},
    volume = {360},
    number = {1},
    pages = {390-400},
    year = {2005},
    month = {06},
    abstract = "{We present a new map-making method for cosmic microwave background (CMB) measurements. The method is based on the destriping technique, but it also utilizes information about the noise spectrum. The low-frequency component of the instrument noise stream is modelled as a superposition of a set of simple base functions, whose amplitudes are determined by means of maximum-likelihood analysis, involving the covariance matrix of the amplitudes. We present simulation results with 1/f noise and show a reduction in the residual noise with respect to ordinary destriping. This study is related to Planck Low Frequency Instrument (LFI) activities.}",
    issn = {0035-8711},
    doi = {10.1111/j.1365-2966.2005.09055.x},
    url = {https://doi.org/10.1111/j.1365-2966.2005.09055.x},
    eprint = {https://academic.oup.com/mnras/article-pdf/360/1/390/5966345/360-1-390.pdf},
}

@ARTICLE{LFItimestreams,
       author = {{Planck Collaboration} and {Akrami}, Y. and {Arg{\"u}eso}, F. and
         {Ashdown}, M. and {Aumont}, J. and {Baccigalupi}, C. and
         {Ballardini}, M. and {Banday}, A.~J. and {Barreiro}, R.~B. and
         {Bartolo}, N. and {Basak}, S. and {Benabed}, K. and {Bernard}, J. -P. and
         {Bersanelli}, M. and {Bielewicz}, P. and {Bonavera}, L. and
         {Bond}, J.~R. and {Borrill}, J. and {Bouchet}, F.~R. and
         {Boulanger}, F. and {Bucher}, M. and {Burigana}, C. and
         {Butler}, R.~C. and {Calabrese}, E. and {Cardoso}, J. -F. and
         {Colombo}, L.~P.~L. and {Crill}, B.~P. and {Cuttaia}, F. and
         {de Bernardis}, P. and {de Rosa}, A. and {de Zotti}, G. and
         {Delabrouille}, J. and {Di Valentino}, E. and {Dickinson}, C. and
         {Diego}, J.~M. and {Donzelli}, S. and {Ducout}, A. and {Dupac}, X. and
         {Efstathiou}, G. and {Elsner}, F. and {En{\ss}lin}, T.~A. and
         {Eriksen}, H.~K. and {Fantaye}, Y. and {Finelli}, F. and {Frailis}, M. and
         {Franceschi}, E. and {Frolov}, A. and {Galeotta}, S. and {Galli}, S. and
         {Ganga}, K. and {G{\'e}nova-Santos}, R.~T. and {Gerbino}, M. and
         {Ghosh}, T. and {Gonz{\'a}lez-Nuevo}, J. and {G{\'o}rski}, K.~M. and
         {Gratton}, S. and {Gruppuso}, A. and {Gudmundsson}, J.~E. and {Hand
        ley}, W. and {Hansen}, F.~K. and {Herranz}, D. and {Hivon}, E. and
         {Huang}, Z. and {Jaffe}, A.~H. and {Jones}, W.~C. and {Karakci}, A. and
         {Keih{\"a}nen}, E. and {Keskitalo}, R. and {Kiiveri}, K. and {Kim}, J. and
         {Kisner}, T.~S. and {Krachmalnicoff}, N. and {Kunz}, M. and
         {Kurki-Suonio}, H. and {Lamarre}, J. -M. and {Lasenby}, A. and
         {Lattanzi}, M. and {Lawrence}, C.~R. and {Leahy}, J.~P. and
         {Levrier}, F. and {Liguori}, M. and {Lilje}, P.~B. and {Lindholm}, V. and
         {L{\'o}pez-Caniego}, M. and {Ma}, Y. -Z. and
         {Mac{\'\i}as-P{\'e}rez}, J.~F. and {Maggio}, G. and {Maino}, D. and {Mand
        olesi}, N. and {Mangilli}, A. and {Maris}, M. and {Martin}, P.~G. and
         {Mart{\'\i}nez-Gonz{\'a}lez}, E. and {Matarrese}, S. and {Mauri}, N. and
         {McEwen}, J.~D. and {Meinhold}, P.~R. and {Melchiorri}, A. and
         {Mennella}, A. and {Migliaccio}, M. and {Molinari}, D. and
         {Montier}, L. and {Morgante}, G. and {Moss}, A. and {Natoli}, P. and
         {Pagano}, L. and {Paoletti}, D. and {Partridge}, B. and
         {Patanchon}, G. and {Patrizii}, L. and {Peel}, M. and {Perrotta}, F. and
         {Pettorino}, V. and {Piacentini}, F. and {Polenta}, G. and
         {Puget}, J. -L. and {Rachen}, J.~P. and {Racine}, B. and
         {Reinecke}, M. and {Remazeilles}, M. and {Renzi}, A. and {Rocha}, G. and
         {Roudier}, G. and {Rubi{\~n}o-Mart{\'\i}n}, J.~A. and {Salvati}, L. and
         {Sandri}, M. and {Savelainen}, M. and {Scott}, D. and
         {Seljebotn}, D.~S. and {Sirignano}, C. and {Sirri}, G. and
         {Spencer}, L.~D. and {Suur-Uski}, A. -S. and {Tauber}, J.~A. and
         {Tavagnacco}, D. and {Tenti}, M. and {Terenzi}, L. and
         {Toffolatti}, L. and {Tomasi}, M. and {Trombetti}, T. and
         {Valiviita}, J. and {Vansyngel}, F. and {Van Tent}, B. and
         {Vielva}, P. and {Villa}, F. and {Vittorio}, N. and {Wandelt}, B.~D. and
         {Watson}, R. and {Wehus}, I.~K. and {Zacchei}, A. and {Zonca}, A.},
        title = "{Planck 2018 results. II. Low Frequency Instrument data processing}",
      journal = {\aap},
     keywords = {space vehicles: instruments, methods: data analysis, cosmic background radiation, Astrophysics - Cosmology and Nongalactic Astrophysics},
         year = 2020,
        month = sep,
       volume = {641},
          eid = {A2},
        pages = {A2},
          doi = {10.1051/0004-6361/201833293},
archivePrefix = {arXiv},
       eprint = {1807.06206},
 primaryClass = {astro-ph.CO},
       adsurl = {https://ui.adsabs.harvard.edu/abs/2020A&A...641A...2P},
      adsnote = {Provided by the SAO/NASA Astrophysics Data System}
}

@ARTICLE{fftw,

  author={M. {Frigo} and S. G. {Johnson}},

  journal={Proceedings of the IEEE}, 

  title={The Design and Implementation of FFTW3}, 

  year={2005},

  volume={93},

  number={2},

  pages={216-231},}



