%%%%%%%%%%%%%%%%%%%%%%%
%%BeyondPlanck       %%
%%%%%%%%%%%%%%%%%%%%%%%

@ARTICLE{bp01,
author = {{BeyondPlanck Collaboration}},
title = "\bfseries{\scshape{BeyondPlanck}} I. Global Bayesian analysis of the \Planck\ Low Frequency Instrument data",
journal = {\aap, in preparation},
year = 2020,
archivePrefix = "arXiv",
eprint = {2006.xxxxx},
}

@ARTICLE{bp02,
author = {{Keih\"anen et al.}},
title = "\bfseries{\scshape{BeyondPlanck}} II. Optimal mapmaking by Gibbs sampling",
journal = {\aap, in preparation},
year = 2020,
archivePrefix = "arXiv",
eprint = {2006.xxxxx},
}

@ARTICLE{bp03,
author = {{Brilenkov et al.}},
title = "\bfseries{\scshape{BeyondPlanck}} III. Validation, data exploration, and goodness-of-fit ",
journal = {\aap, in preparation},
year = 2020,
archivePrefix = "arXiv",
eprint = {2006.xxxxx},
}

@ARTICLE{bp04,
author = {{Galeotta et al.}},
title = "\bfseries{\scshape{BeyondPlanck}} IV. Head-to-head comparison between BeyondPlanck pipelines ",
journal = {\aap, in preparation},
year = 2020,
archivePrefix = "arXiv",
eprint = {2006.xxxxx},
}

@ARTICLE{bp05,
author = {{Galloway et al.}},
title = "\bfseries{\scshape{BeyondPlanck}} V. Computational infrastructure and generalization to other data sets",
journal = {\aap, in preparation},
year = 2020,
archivePrefix = "arXiv",
eprint = {2006.xxxxx},
}

@ARTICLE{bp06,
author = {{Aurlien et al.}},
title = "\bfseries{\scshape{BeyondPlanck}} VI. Application to simulated LiteBIRD observations",
journal = {\aap, in preparation},
year = 2020,
archivePrefix = "arXiv",
eprint = {2006.xxxxx},
}

@ARTICLE{bp07,
author = {{Gerakakis et al.}},
title = "\bfseries{\scshape{BeyondPlanck}} VII. Reproducability of the BeyondPlanck pipeline",
journal = {\aap, in preparation},
year = 2020,
archivePrefix = "arXiv",
eprint = {2006.xxxxx},
}

@ARTICLE{bp08,
author = {{Ihle et al.}},
title = "\bfseries{\scshape{BeyondPlanck}} VIII. Noise characterization and modelling",
journal = {\aap, in preparation},
year = 2020,
archivePrefix = "arXiv",
eprint = {2006.xxxxx},
}

@ARTICLE{bp09,
author = {{Gjerl{\o}w et al.}},
title = "\bfseries{\scshape{BeyondPlanck}} IX. Gain and absolute calibration",
journal = {\aap, in preparation},
year = 2020,
archivePrefix = "arXiv",
eprint = {2006.xxxxx},
}

@ARTICLE{bp10,
author = {{Galloway et al.}},
title = "\bfseries{\scshape{BeyondPlanck}} X. Sidelobe modelling and correction",
journal = {\aap, in preparation},
year = 2020,
archivePrefix = "arXiv",
eprint = {2006.xxxxx},
}

@ARTICLE{bp11,
author = {{Andersen et al.}},
title = "\bfseries{\scshape{BeyondPlanck}} XI. Polarization angle and efficiency",
journal = {\aap, in preparation},
year = 2020,
archivePrefix = "arXiv",
eprint = {2006.xxxxx},
}

@ARTICLE{bp12,
author = {{Svalheim et al.}},
title = "\bfseries{\scshape{BeyondPlanck}} XII. Bandpass and beam mismatch correction",
journal = {\aap, in preparation},
year = 2020,
archivePrefix = "arXiv",
eprint = {2006.xxxxx},
}

@ARTICLE{bp13,
author = {{Suur-Uski et al.}},
title = "\bfseries{\scshape{BeyondPlanck}} XIII. Frequency sky map posteriors",
journal = {\aap, in preparation},
year = 2020,
archivePrefix = "arXiv",
eprint = {2006.xxxxx},
}

@ARTICLE{bp14,
author = {{Colombo et al.}},
title = "\bfseries{\scshape{BeyondPlanck}} XIV. CMB map and power spectrum posteriors",
journal = {\aap, in preparation},
year = 2020,
archivePrefix = "arXiv",
eprint = {2006.xxxxx},
}

@ARTICLE{bp15,
author = {{Paradiso et al.}},
title = "\bfseries{\scshape{BeyondPlanck}} XV. Cosmological parameter posteriors",
journal = {\aap, in preparation},
year = 2020,
archivePrefix = "arXiv",
eprint = {2006.xxxxx},
}

@ARTICLE{bp16,
author = {{Banerji et al.}},
title = "\bfseries{\scshape{BeyondPlanck}} XVI. Bayesian power spectrum estimation with Wiener filtering",
journal = {\aap, in preparation},
year = 2020,
archivePrefix = "arXiv",
eprint = {2006.xxxxx},
}

@ARTICLE{bp17,
author = {{Thommesen et al.}},
title = "\bfseries{\scshape{BeyondPlanck}} XVII. CMB dipole posteriors",
journal = {\aap, in preparation},
year = 2020,
archivePrefix = "arXiv",
eprint = {2006.xxxxx},
}

@ARTICLE{bp18,
author = {{Andersen et al.}},
title = "\bfseries{\scshape{BeyondPlanck}} XVIII. Intensity foreground emission posteriors",
journal = {\aap, in preparation},
year = 2020,
archivePrefix = "arXiv",
eprint = {2006.xxxxx},
}

@ARTICLE{bp19,
author = {{Svalheim et al.}},
title = "\bfseries{\scshape{BeyondPlanck}} XIX. Polarization foreground emission posteriors",
journal = {\aap, in preparation},
year = 2020,
archivePrefix = "arXiv",
eprint = {2006.xxxxx},
}

@ARTICLE{bp20,
author = {{Herman et al.}},
title = "\bfseries{\scshape{BeyondPlanck}} XX. Limits on polarized anomalous microwave emission",
journal = {\aap, in preparation},
year = 2020,
archivePrefix = "arXiv",
eprint = {2006.xxxxx},
}

@ARTICLE{bp21,
author = {{Fuskeland et al.}},
title = "\bfseries{\scshape{BeyondPlanck}} XXI. Consistency with low-frequency polarization surveys",
journal = {\aap, in preparation},
year = 2020,
archivePrefix = "arXiv",
eprint = {2006.xxxxx},
}

@ARTICLE{bp22,
author = {{Gjerl{\o}w et al.}},
title = "\bfseries{\scshape{BeyondPlanck}} XVII. Compact sources",
journal = {\aap, in preparation},
year = 2020,
archivePrefix = "arXiv",
eprint = {2006.xxxxx},
}

@ARTICLE{bp23,
author = {{Thommesen et al.}},
title = "\bfseries{\scshape{BeyondPlanck}} XVII. CMB dipole and prior dependencies",
journal = {\aap, in preparation},
year = 2020,
archivePrefix = "arXiv",
eprint = {2006.xxxxx},
}

@ARTICLE{bp24,
author = {{Watts et al.}},
title = "\bfseries{\scshape{BeyondPlanck}} XVII. Application to WMAP K-band analysis",
journal = {\aap, in preparation},
year = 2020,
archivePrefix = "arXiv",
eprint = {2006.xxxxx},
}


@ARTICLE{npipe,
author = {{Planck Collaboration}},
title = "NPIPE -- Joint \Planck\ LFI and HFI processing",
journal = {\aap, in press},
year = 2020,
archivePrefix = "arXiv",
eprint = {2007.xxxxx},
}

@ARTICLE{thommesen:2019,
author = {{Thommesen et al.}},
title = "A Monte Carlo comparison between template-based and Wiener-filter CMB dipole estimators",
journal = {\aap, in preparation},
year = 2019,
archivePrefix = "arXiv",
eprint = {1911.xxxxx},
}



%%%%%%%%%%%%%%%%%%%%%%%%%%%
%%Non-BeyondPlanck paper %%
%%%%%%%%%%%%%%%%%%%%%%%%%%%


@ARTICLE{argueso2009,
   author = {{Arg{\"u}eso}, F. and {Sanz}, J.~L. and {Herranz}, D. and {L{\'o}pez-Caniego}, M. and 
	{Gonz{\'a}lez-Nuevo}, J.},
    title = "{Detection/estimation of the modulus of a vector. Application to point-source detection in polarization data}",
  journal = {\mnras},
archivePrefix = "arXiv",
   eprint = {0906.0893},
 primaryClass = "astro-ph.CO",
 keywords = {polarization , methods: data analysis , techniques: image processing , cosmic microwave background , radio continuum: galaxies},
     year = 2009,
    month = may,
   volume = 395,
    pages = {649-656},
      doi = {10.1111/j.1365-2966.2009.14549.x},
   adsurl = {http://adsabs.harvard.edu/abs/2009MNRAS.395..649A},
  adsnote = {Provided by the SAO/NASA Astrophysics Data System}
}

@ARTICLE{sunyaev:1970,
   author = {{Sunyaev}, R.~A. and {Zeldovich}, Y.~B.},
    title = "{Small-Scale Fluctuations of Relic Radiation}",
  journal = {\apss},
     year = 1970,
    month = apr,
   volume = 7,
    pages = {3-19},
      doi = {10.1007/BF00653471},
   adsurl = {http://adsabs.harvard.edu/abs/1970Ap%26SS...7....3S},
  adsnote = {Provided by the SAO/NASA Astrophysics Data System}
}




@ARTICLE{chu2005,
   author = {{Chu}, M. and {Eriksen}, H.~K. and {Knox}, L. and {G{\'o}rski}, K.~M. and 
	{Jewell}, J.~B. and {Larson}, D.~L. and {O'Dwyer}, I.~J. and 
	{Wandelt}, B.~D.},
    title = "{Cosmological parameter constraints as derived from the Wilkinson Microwave Anisotropy Probe data via Gibbs sampling and the Blackwell-Rao estimator}",
  journal = {\prd},
   eprint = {astro-ph/0411737},
 keywords = {Radio microwave, Observation and data reduction techniques, computer modeling and simulation, Background radiations, Observational cosmology},
     year = 2005,
    month = may,
   volume = 71,
   number = 10,
      eid = {103002},
    pages = {103002},
      doi = {10.1103/PhysRevD.71.103002},
   adsurl = {http://adsabs.harvard.edu/abs/2005PhRvD..71j3002C},
  adsnote = {Provided by the SAO/NASA Astrophysics Data System}
}

@ARTICLE{planck2016-LIV,
author = {{\sorthelp{Planck Collaboration IntZW}}{Planck Collaboration Int.
 LIV}},
title = "{\textit{Planck} intermediate results. LIV. Polarized dust foregrounds}",
journal = {\aap},
archivePrefix = "arXiv",
eprint = {1801.04945},
year = 2018,
}




@ARTICLE{plaszczynski2014,
   author = {{Plaszczynski}, S. and {Montier}, L. and {Levrier}, F. and {Tristram}, M.
	},
    title = "{A novel estimator of the polarization amplitude from normally distributed Stokes parameters}",
  journal = {\mnras},
archivePrefix = "arXiv",
   eprint = {1312.0437},
 keywords = {polarization, methods: data analysis, methods: statistical},
     year = 2014,
    month = apr,
   volume = 439,
    pages = {4048-4056},
      doi = {10.1093/mnras/stu270},
   adsurl = {http://adsabs.harvard.edu/abs/2014MNRAS.439.4048P},
  adsnote = {Provided by the SAO/NASA Astrophysics Data System}
}
@ARTICLE{gregory1996,
   author = {{Gregory}, P.~C. and {Scott}, W.~K. and {Douglas}, K. and {Condon}, J.~J.
	},
    title = "{The GB6 Catalog of Radio Sources}",
  journal = {\apjs},
 keywords = {CATALOGS, RADIO CONTINUUM: GALAXIES, SURVEYS},
     year = 1996,
    month = apr,
   volume = 103,
    pages = {427},
      doi = {10.1086/192282},
   adsurl = {http://adsabs.harvard.edu/abs/1996ApJS..103..427G},
  adsnote = {Provided by the SAO/NASA Astrophysics Data System}
}

@ARTICLE{condon1998,
   author = {{Condon}, J.~J. and {Cotton}, W.~D. and {Greisen}, E.~W. and 
	{Yin}, Q.~F. and {Perley}, R.~A. and {Taylor}, G.~B. and {Broderick}, J.~J.
	},
    title = "{The NRAO VLA Sky Survey}",
  journal = {\aj},
 keywords = {CATALOGS, METHODS: DATA ANALYSIS, METHODS: OBSERVATIONAL, RADIO CONTINUUM, SURVEYS},
     year = 1998,
    month = may,
   volume = 115,
    pages = {1693-1716},
      doi = {10.1086/300337},
   adsurl = {http://adsabs.harvard.edu/abs/1998AJ....115.1693C},
  adsnote = {Provided by the SAO/NASA Astrophysics Data System}
}


@ARTICLE{lopezcaniego2006,
   author = {{L{\'o}pez-Caniego}, M. and {Herranz}, D. and {Gonz{\'a}lez-Nuevo}, J. and 
	{Sanz}, J.~L. and {Barreiro}, R.~B. and {Vielva}, P. and {Arg{\"u}eso}, F. and 
	{Toffolatti}, L.},
    title = "{Comparison of filters for the detection of point sources in Planck simulations}",
  journal = {\mnras},
   eprint = {astro-ph/0606199},
 keywords = {catalogues},
     year = 2006,
    month = aug,
   volume = 370,
    pages = {2047-2063},
      doi = {10.1111/j.1365-2966.2006.10639.x},
   adsurl = {http://adsabs.harvard.edu/abs/2006MNRAS.370.2047L},
  adsnote = {Provided by the SAO/NASA Astrophysics Data System}
}



@ARTICLE{murphy2010,
   author = {{Murphy}, T. and {Sadler}, E.~M. and {Ekers}, R.~D. and {Massardi}, M. and 
	{Hancock}, P.~J. and {Mahony}, E. and {Ricci}, R. and {Burke-Spolaor}, S. and 
	{Calabretta}, M. and {Chhetri}, R. and {de Zotti}, G. and {Edwards}, P.~G. and 
	{Ekers}, J.~A. and {Jackson}, C.~A. and {Kesteven}, M.~J. and 
	{Lindley}, E. and {Newton-McGee}, K. and {Phillips}, C. and 
	{Roberts}, P. and {Sault}, R.~J. and {Staveley-Smith}, L. and 
	{Subrahmanyan}, R. and {Walker}, M.~A. and {Wilson}, W.~E.},
    title = "{The Australia Telescope 20 GHz Survey: the source catalogue}",
  journal = {\mnras},
archivePrefix = "arXiv",
   eprint = {0911.0002},
 keywords = {methods: data analysis, catalogues, surveys, galaxies: active, cosmic microwave background, radio continuum: general},
     year = 2010,
    month = mar,
   volume = 402,
    pages = {2403-2423},
      doi = {10.1111/j.1365-2966.2009.15961.x},
   adsurl = {http://adsabs.harvard.edu/abs/2010MNRAS.402.2403M},
  adsnote = {Provided by the SAO/NASA Astrophysics Data System}
}





@ARTICLE{Remazeilles2011b,
   author = {{Remazeilles}, M. and {Delabrouille}, J. and {Cardoso}, J.-F.
	},
    title = "{Foreground component separation with generalized Internal Linear Combination}",
archivePrefix = "arXiv",
   eprint = {1103.1166},
  journal = {\mnras},
 keywords = {methods: data analysis, ISM: general, cosmic background radiation},
     year = 2011,
    month = nov,
   volume = 418,
    pages = {467-476},
      doi = {10.1111/j.1365-2966.2011.19497.x},
   adsurl = {http://adsabs.harvard.edu/abs/2011MNRAS.418..467R},
  adsnote = {Provided by the SAO/NASA Astrophysics Data System}
}

@ARTICLE{Remazeilles2011a,
   author = {{Remazeilles}, M. and {Delabrouille}, J. and {Cardoso}, J.-F.
	},
    title = "{CMB and SZ effect separation with constrained Internal Linear Combinations}",
  journal = {\mnras},
archivePrefix = "arXiv",
   eprint = {1006.5599},
 keywords = {methods: data analysis, cosmic background radiation},
     year = 2011,
    month = feb,
   volume = 410,
    pages = {2481-2487},
      doi = {10.1111/j.1365-2966.2010.17624.x},
   adsurl = {http://adsabs.harvard.edu/abs/2011MNRAS.410.2481R},
  adsnote = {Provided by the SAO/NASA Astrophysics Data System}
}


@ARTICLE{Narcowich2006,
  	 author = {Narcowich, F. and Petrushev, P. and Ward, J. 
},
  	journal = {SIAM J. Math. Anal.},
          title = "{Localized Tight Frames on Spheres}",	
     	year = 2006,
   	volume = 38,
    	pages = {574},
}

@ARTICLE{Tassis2015,
   author = {{Tassis}, K. and {Pavlidou}, V.},
    title = "{Searching for inflationary B modes: can dust emission properties be extrapolated from 350 GHz to 150 GHz?}",
  journal = {\mnras},
archivePrefix = "arXiv",
   eprint = {1410.8136},
 keywords = {polarization, dust, extinction, ISM: magnetic fields, cosmic background radiation, cosmology: observations, inflation},
     year = 2015,
    month = jul,
   volume = 451,
    pages = {L90-L94},
      doi = {10.1093/mnrasl/slv077},
   adsurl = {http://adsabs.harvard.edu/abs/2015MNRAS.451L..90T},
  adsnote = {Provided by the SAO/NASA Astrophysics Data System}
}

%% Planck papers %%
@ARTICLE{Planck_PIP_XLVIII,
author = {{\sorthelp{Planck Collaboration IntZW}}{Planck Collaboration Int.
 XLVIII}},
title = "{\textit{Planck} intermediate results. XLVIII. Disentangling Galactic
 dust emission and cosmic infrared background anisotropies}",
journal = {\aap},
archivePrefix = "arXiv",
eprint = {1605.09387},
year = 2016,
volume = 596,
pages = {A109},
doi = {10.1051/0004-6361/201629022}
}





@ARTICLE{narcowich06localizedtight, 
  author = {{Narcowich}, F.~J. and {Petrushev}, P. and {Ward}, J.~D.},
   title = "{Localized tight frames on spheres}",
journal = {SIAM J. Math. Anal.},
  year = 2006,
  volume = 38,
  pages = {574}
}

@ARTICLE{2009A&A...493..835D,
   author = {{Delabrouille}, J. and {Cardoso}, J.-F. and {Le Jeune}, M. and 
	{Betoule}, M. and {Fay}, G. and {Guilloux}, F.},
    title = "{A full sky, low foreground, high resolution CMB map from WMAP}",
  journal = {\aap},
archivePrefix = "arXiv",
   eprint = {0807.0773},
 keywords = {cosmology: cosmic microwave background, methods: data analysis},
     year = 2009,
    month = jan,
   volume = 493,
    pages = {835-857},
      doi = {10.1051/0004-6361:200810514},
   adsurl = {http://adsabs.harvard.edu/abs/2009A%26A...493..835D},
  adsnote = {Provided by the SAO/NASA Astrophysics Data System}
}

@ARTICLE{2012MNRAS.419.1163B,
   author = {{Basak}, S. and {Delabrouille}, J.},
    title = "{A needlet internal linear combination analysis of WMAP 7-year data: estimation of CMB temperature map and power spectrum}",
  journal = {\mnras},
archivePrefix = "arXiv",
   eprint = {1106.5383},
 primaryClass = "astro-ph.CO",
 keywords = {methods: data analysis, cosmic background radiation},
     year = 2012,
    month = jan,
   volume = 419,
    pages = {1163-1175},
      doi = {10.1111/j.1365-2966.2011.19770.x},
   adsurl = {http://adsabs.harvard.edu/abs/2012MNRAS.419.1163B},
  adsnote = {Provided by the SAO/NASA Astrophysics Data System}
}

@ARTICLE{2013MNRAS.435...18B,
   author = {{Basak}, S. and {Delabrouille}, J.},
    title = "{A needlet ILC analysis of WMAP 9-year polarization data: CMB polarization power spectra}",
  journal = {\mnras},
archivePrefix = "arXiv",
   eprint = {1204.0292},
 primaryClass = "astro-ph.CO",
 keywords = {methods: data analysis, cosmic background radiation},
     year = 2013,
    month = oct,
   volume = 435,
    pages = {18-29},
      doi = {10.1093/mnras/stt1158},
   adsurl = {http://adsabs.harvard.edu/abs/2013MNRAS.435...18B},
  adsnote = {Provided by the SAO/NASA Astrophysics Data System}
}

@ARTICLE{hivon2017,
   author = {{Hivon}, E. and {Mottet}, S. and {Ponthieu}, N.},
    title = "{QuickPol: Fast calculation of effective beam matrices for CMB polarization}",
  journal = {\aap},
archivePrefix = "arXiv",
   eprint = {1608.08833},
 keywords = {cosmic background radiation, cosmology: observations, polarization, methods: analytical},
     year = 2017,
    month = feb,
   volume = 598,
      eid = {A25},
    pages = {A25},
      doi = {10.1051/0004-6361/201629626},
   adsurl = {http://adsabs.harvard.edu/abs/2017A%26A...598A..25H},
  adsnote = {Provided by the SAO/NASA Astrophysics Data System}
}



@ARTICLE{gjerlow:2010,
   author = {{Gjerl{\o}w}, E. and {Eriksen}, H.~K. and {Banday}, A.~J. and 
	{G{\'o}rski}, K.~M. and {Lilje}, P.~B.},
    title = "{The Two- and Three-point Correlation Functions of the Polarized Five-year WMAP Sky Maps}",
  journal = {\apj},
archivePrefix = "arXiv",
   eprint = {0910.5860},
 primaryClass = "astro-ph.CO",
 keywords = {cosmic background radiation, cosmology: observations, methods: numerical},
     year = 2010,
    month = feb,
   volume = 710,
    pages = {689-697},
      doi = {10.1088/0004-637X/710/1/689},
   adsurl = {http://adsabs.harvard.edu/abs/2010ApJ...710..689G},
  adsnote = {Provided by the SAO/NASA Astrophysics Data System}
}

@ARTICLE{seljebotn:2019,
       author = {{Seljebotn}, D.~S. and {B{\ae}rland}, T. and {Eriksen}, H.~K. and
         {Mardal}, K. -A. and {Wehus}, I.~K.},
        title = "{Multi-resolution Bayesian CMB component separation through Wiener filtering with a pseudo-inverse preconditioner}",
      journal = {\aap},
     keywords = {methods: statistical, cosmic background radiation},
         year = "2019",
        month = "Jul",
       volume = {627},
          eid = {A98},
        pages = {A98},
          doi = {10.1051/0004-6361/201732037},
       adsurl = {https://ui.adsabs.harvard.edu/abs/2019A&A...627A..98S},
      adsnote = {Provided by the SAO/NASA Astrophysics Data System}
}

@article{seljebotn:2013,
author = {{Seljebotn}, D.~S. and {Mardal}, K.-A. and {Jewell}, J.~B. and {Eriksen}, H.~K. and {Bull}, P.},
title = "{A multi-level solver for Gaussian constrained cosmic microwave background realizations}",
eprint = "1308.5299",
archivePrefix = "arXiv",
primaryClass = "astro-ph.IM",
doi = {10.1088/0067-0049/210/2/24},
journal = "Astrophys. J. Suppl.",
volume = "210",
number = "2",
pages = "24",
year = "2014"
}

@ARTICLE{prezeau:2010,
       author = {{Pr{\'e}zeau}, G. and {Reinecke}, M.},
        title = "{Algorithm for the Evaluation of Reduced Wigner Matrices}",
      journal = {\apjs},
     keywords = {cosmic background radiation, cosmology: observations, instrumentation: adaptive optics, methods: data analysis, techniques: image processing, Astrophysics - Instrumentation and Methods for Astrophysics, Astrophysics - Cosmology and Nongalactic Astrophysics},
         year = "2010",
        month = "Oct",
       volume = {190},
       number = {2},
        pages = {267-274},
          doi = {10.1088/0067-0049/190/2/267},
archivePrefix = {arXiv},
       eprint = {1002.1050},
 primaryClass = {astro-ph.IM},
       adsurl = {https://ui.adsabs.harvard.edu/abs/2010ApJS..190..267P},
      adsnote = {Provided by the SAO/NASA Astrophysics Data System}
}

@ARTICLE{reinecke2013,
       author = {{Reinecke}, M. and {Seljebotn}, D.~S.},
        title = "{Libsharp - spherical harmonic transforms revisited}",
      journal = {\aap},
     keywords = {methods: numerical, cosmic background radiation, large-scale structure of Universe, Physics - Computational Physics},
         year = 2013,
        month = jun,
       volume = {554},
          eid = {A112},
        pages = {A112},
          doi = {10.1051/0004-6361/201321494},
archivePrefix = {arXiv},
       eprint = {1303.4945},
 primaryClass = {physics.comp-ph},
       adsurl = {https://ui.adsabs.harvard.edu/abs/2013A&A...554A.112R},
      adsnote = {Provided by the SAO/NASA Astrophysics Data System}
}




@ARTICLE{eriksen2005,
   author = {{Eriksen}, H.~K. and {Banday}, A.~J. and {G{\'o}rski}, K.~M. and 
	{Lilje}, P.~B.},
    title = "{The N-Point Correlation Functions of the First-Year Wilkinson Microwave Anisotropy Probe Sky Maps}",
  journal = {\apj},
   eprint = {arXiv:astro-ph/0407271},
 keywords = {Cosmology: Cosmic Microwave Background, Cosmology: Observations, Methods: Statistical},
     year = 2005,
    month = mar,
   volume = 622,
    pages = {58-71},
      doi = {10.1086/427897},
   adsurl = {http://adsabs.harvard.edu/abs/2005ApJ...622...58E},
  adsnote = {Provided by the SAO/NASA Astrophysics Data System}
}


@ARTICLE{planck2014-pip116,
author = {{Planck Collaboration PIP116}},
title = "{All-sky template map of the secondary B-mode of polarization using PLANCK}",
journal = {In preparation},
year = 2014
}

@ARTICLE{finkbeiner2003,
   author = {{Finkbeiner}, D.~P.},
    title = "{A Full-Sky H{$\alpha$} Template for Microwave Foreground Prediction}",
  journal = {\apjs},
   eprint = {astro-ph/0301558},
 keywords = {ISM: Dust, Extinction, ISM: H II Regions, ISM: Clouds},
     year = 2003,
    month = jun,
   volume = 146,
    pages = {407-415},
      doi = {10.1086/374411},
   adsurl = {http://adsabs.harvard.edu/abs/2003ApJS..146..407F},
  adsnote = {Provided by the SAO/NASA Astrophysics Data System}
}

@ARTICLE{fernandez-cobos2016,
   author = {{Fern{\'a}ndez-Cobos}, R. and {Marcos-Caballero}, A. and {Vielva}, P. and 
	{Mart{\'{\i}}nez-Gonz{\'a}lez}, E. and {Barreiro}, R.~B.},
    title = "{Exploring two-spin internal linear combinations for the recovery of the CMB polarization}",
  journal = {\mnras},
archivePrefix = "arXiv",
   eprint = {1601.01515},
 keywords = {polarization, methods: data analysis, cosmic background radiation},
     year = 2016,
    month = jun,
   volume = 459,
    pages = {441-454},
      doi = {10.1093/mnras/stw670},
   adsurl = {http://adsabs.harvard.edu/abs/2016MNRAS.459..441F},
  adsnote = {Provided by the SAO/NASA Astrophysics Data System}
}



@ARTICLE{fernandez-cobos2012,
   author = {{Fern{\'a}ndez-Cobos}, R. and {Vielva}, P. and {Barreiro}, R.~B. and 
	{Mart{\'{\i}}nez-Gonz{\'a}lez}, E.},
    title = "{Multiresolution internal template cleaning: an application to the Wilkinson Microwave Anisotropy Probe 7-yr polarization data}",
  journal = {\mnras},
archivePrefix = "arXiv",
   eprint = {1106.2016},
 primaryClass = "astro-ph.CO",
 keywords = {methods: data analysis, cosmic background radiation},
     year = 2012,
    month = mar,
   volume = 420,
    pages = {2162-2169},
      doi = {10.1111/j.1365-2966.2011.20182.x},
   adsurl = {http://adsabs.harvard.edu/abs/2012MNRAS.420.2162F},
  adsnote = {Provided by the SAO/NASA Astrophysics Data System}
}

@ARTICLE{2008A&A...491..597L,
   author = {{Leach}, S.~M. and {Cardoso}, J.-F. and {Baccigalupi}, C. and 
	{Barreiro}, R.~B. and {Betoule}, M. and {Bobin}, J. and {Bonaldi}, A. and 
	{Delabrouille}, J. and {de Zotti}, G. and {Dickinson}, C. and 
	{Eriksen}, H.~K. and {Gonz{\'a}lez-Nuevo}, J. and {Hansen}, F.~K. and 
	{Herranz}, D. and {Le Jeune}, M. and {L{\'o}pez-Caniego}, M. and 
	{Mart{\'{\i}}nez-Gonz{\'a}lez}, E. and {Massardi}, M. and {Melin}, J.-B. and 
	{Miville-Desch{\^e}nes}, M.-A. and {Patanchon}, G. and {Prunet}, S. and 
	{Ricciardi}, S. and {Salerno}, E. and {Sanz}, J.~L. and {Starck}, J.-L. and 
	{Stivoli}, F. and {Stolyarov}, V. and {Stompor}, R. and {Vielva}, P.
	},
    title = "{Component separation methods for the PLANCK mission}",
  journal = {\aap},
archivePrefix = "arXiv",
   eprint = {0805.0269},
 keywords = {cosmology: cosmic microwave background, methods: data analysis},
     year = 2008,
    month = nov,
   volume = 491,
    pages = {597-615},
      doi = {10.1051/0004-6361:200810116},
   adsurl = {http://adsabs.harvard.edu/abs/2008A%26A...491..597L},
  adsnote = {Provided by the SAO/NASA Astrophysics Data System}
}

@ARTICLE{2009MNRAS.392..216S,
   author = {{Stompor}, R. and {Leach}, S. and {Stivoli}, F. and {Baccigalupi}, C.
	},
    title = "{Maximum likelihood algorithm for parametric component separation in cosmic microwave background experiments}",
  journal = {\mnras},
   eprint = {arXiv:0804.2645},
 keywords = {methods: data analysis , cosmic microwave background , diffuse radiation},
     year = 2009,
    month = jan,
   volume = 392,
    pages = {216-232},
      doi = {10.1111/j.1365-2966.2008.14023.x},
   adsurl = {http://adsabs.harvard.edu/abs/2009MNRAS.392..216S},
  adsnote = {Provided by the SAO/NASA Astrophysics Data System}
}

@ARTICLE{Monteserin2008,
   author = {{Monteser{\'{\i}}n}, C. and {Barreiro}, R.~B. and {Vielva}, P. and 
	{Mart{\'{\i}}nez-Gonz{\'a}lez}, E. and {Hobson}, M.~P. and {Lasenby}, A.~N.},
    title = "{A low cosmic microwave background variance in the Wilkinson Microwave Anisotropy Probe data}",
  journal = {\mnras},
archivePrefix = "arXiv",
   eprint = {0706.4289},
 keywords = {methods: data analysis , methods: statistical , cosmic microwave background},
     year = 2008,
    month = jun,
   volume = 387,
    pages = {209-219},
      doi = {10.1111/j.1365-2966.2008.13149.x},
   adsurl = {http://cdsads.u-strasbg.fr/abs/2008MNRAS.387..209M},
  adsnote = {Provided by the SAO/NASA Astrophysics Data System}
}

@ARTICLE{Cruz2011,
   author = {{Cruz}, M. and {Vielva}, P. and {Mart{\'{\i}}nez-Gonz{\'a}lez}, E. and 
	{Barreiro}, R.~B.},
    title = "{Anomalous variance in the WMAP data and Galactic foreground residuals}",
  journal = {\mnras},
archivePrefix = "arXiv",
   eprint = {1005.1264},
 primaryClass = "astro-ph.CO",
 keywords = {methods: data analysis, methods: statistical},
     year = 2011,
    month = apr,
   volume = 412,
    pages = {2383-2390},
      doi = {10.1111/j.1365-2966.2010.18067.x},
   adsurl = {http://adsabs.harvard.edu/abs/2011MNRAS.412.2383C},
  adsnote = {Provided by the SAO/NASA Astrophysics Data System}
}

@ARTICLE{larson2014,
   author = {{Larson}, D. and {Weiland}, J.~L. and {Hinshaw}, G. and {Bennett}, C.~L.
	},
    title = "{Comparing Planck and WMAP: Maps, Spectra, and Parameters}",
  journal = {ArXiv e-prints},
archivePrefix = "arXiv",
   eprint = {1409.7718},
 keywords = {Astrophysics - Cosmology and Nongalactic Astrophysics, Astrophysics - Instrumentation and Methods for Astrophysics},
     year = 2014,
    month = sep,
   adsurl = {http://adsabs.harvard.edu/abs/2014arXiv1409.7718L},
  adsnote = {Provided by the SAO/NASA Astrophysics Data System}
}


@ARTICLE{rocha2011,
   author = {{Rocha}, G. and {Contaldi}, C.~R. and {Bond}, J.~R. and {G{\'o}rski}, K.~M.
	},
    title = "{Application of XFASTER power spectrum and likelihood estimator to Planck}",
  journal = {\mnras},
 keywords = {methods: data analysis, methods: statistical, cosmology: observations, cosmic microwave background, cosmological parameters},
     year = 2011,
    month = jun,
   volume = 414,
    pages = {823-846},
      doi = {10.1111/j.1365-2966.2010.17980.x},
   adsurl = {http://adsabs.harvard.edu/abs/2011MNRAS.414..823R},
  adsnote = {Provided by the SAO/NASA Astrophysics Data System}
}

@ARTICLE{cosmomc,
   author = {{Lewis}, A. and {Bridle}, S.},
    title = "{Cosmological parameters from CMB and other data: A Monte Carlo approach}",
  journal = {\prd},
   eprint = {astro-ph/0205436},
 keywords = {Observational cosmology, Applications of Monte Carlo methods, Neutrino mass and mixing},
     year = 2002,
    month = nov,
   volume = 66,
   number = 10,
      eid = {103511},
    pages = {103511},
      doi = {10.1103/PhysRevD.66.103511},
   adsurl = {http://adsabs.harvard.edu/abs/2002PhRvD..66j3511L},
  adsnote = {Provided by the SAO/NASA Astrophysics Data System}
}

@ARTICLE{lewis2013,
   author = {{Lewis}, A.},
    title = "{Rayleigh scattering: blue sky thinking for future CMB observations}",
  journal = {\jcap},
archivePrefix = "arXiv",
   eprint = {1307.8148},
 primaryClass = "astro-ph.CO",
     year = 2013,
    month = aug,
   volume = 8,
      eid = {053},
    pages = {53},
      doi = {10.1088/1475-7516/2013/08/053},
   adsurl = {http://adsabs.harvard.edu/abs/2013JCAP...08..053L},
  adsnote = {Provided by the SAO/NASA Astrophysics Data System}
}

@ARTICLE{komatsu2005,
   author = {{Komatsu}, E. and {Spergel}, D.~N. and {Wandelt}, B.~D.},
    title = "{Measuring Primordial Non-Gaussianity in the Cosmic Microwave Background}",
  journal = {\apj},
   eprint = {astro-ph/0305189},
 keywords = {Cosmology: Cosmic Microwave Background, Cosmology: Observations, Cosmology: Early Universe},
     year = 2005,
    month = nov,
   volume = 634,
    pages = {14-19},
      doi = {10.1086/491724},
   adsurl = {http://adsabs.harvard.edu/abs/2005ApJ...634...14K},
  adsnote = {Provided by the SAO/NASA Astrophysics Data System}
}

@ARTICLE{dunkley2009b,
   author = {{Dunkley}, J. and {Spergel}, D.~N. and {Komatsu}, E. and {Hinshaw}, G. and 
	{Larson}, D. and {Nolta}, M.~R. and {Odegard}, N. and {Page}, L. and 
	{Bennett}, C.~L. and {Gold}, B. and {Hill}, R.~S. and {Jarosik}, N. and 
	{Weiland}, J.~L. and {Halpern}, M. and {Kogut}, A. and {Limon}, M. and 
	{Meyer}, S.~S. and {Tucker}, G.~S. and {Wollack}, E. and {Wright}, E.~L.
	},
    title = "{Five-Year Wilkinson Microwave Anisotropy Probe (WMAP) Observations: Bayesian Estimation of Cosmic Microwave Background Polarization Maps}",
  journal = {\apj},
archivePrefix = "arXiv",
   eprint = {0811.4280},
 keywords = {cosmic microwave background, cosmology: observations, methods: statistical, polarization, radio continuum: ISM},
     year = 2009,
    month = aug,
   volume = 701,
    pages = {1804-1813},
      doi = {10.1088/0004-637X/701/2/1804},
   adsurl = {http://adsabs.harvard.edu/abs/2009ApJ...701.1804D},
  adsnote = {Provided by the SAO/NASA Astrophysics Data System}
}

@ARTICLE{fuskeland2014,
   author = {{Fuskeland}, U. and {Wehus}, I.~K. and {Eriksen}, H.~K. and 
	{N{\ae}ss}, S.~K.},
    title = "{Spatial Variations in the Spectral Index of Polarized Synchrotron Emission in the 9 yr WMAP Sky Maps}",
  journal = {\apj},
archivePrefix = "arXiv",
   eprint = {1404.5323},
 keywords = {cosmic background radiation, cosmology: observations, Galaxy: structure, methods: statistical, polarization, radio continuum: general},
     year = 2014,
    month = aug,
   volume = 790,
      eid = {104},
    pages = {104},
      doi = {10.1088/0004-637X/790/2/104},
   adsurl = {http://adsabs.harvard.edu/abs/2014ApJ...790..104F},
  adsnote = {Provided by the SAO/NASA Astrophysics Data System}
}

@ARTICLE{fuskeland:2019,
       author = {{Fuskeland}, U. and {Andersen}, K.~J. and {Aurlien}, R. and
         {Banerji}, R. and {Brilenkov}, M. and {Eriksen}, H.~K. and
         {Galloway}, M. and {Gjerl{\o}w}, E. and {N{\ae}ss}, S.~K. and
         {Svalheim}, T.~S. and {Wehus}, I.~K.},
        title = "{Constraints on the spectral index of polarized synchrotron emission from WMAP and Faraday-corrected S-PASS data}",
      journal = {arXiv e-prints},
     keywords = {Astrophysics - Cosmology and Nongalactic Astrophysics},
         year = "2019",
        month = "Sep",
          eid = {arXiv:1909.05923},
        pages = {arXiv:1909.05923},
archivePrefix = {arXiv},
       eprint = {1909.05923},
 primaryClass = {astro-ph.CO},
       adsurl = {https://ui.adsabs.harvard.edu/abs/2019arXiv190905923F},
      adsnote = {Provided by the SAO/NASA Astrophysics Data System}
}


@article{Carretti:2019,
      author         = "Carretti, E. and others",
      title          = "{S-band Polarization All Sky Survey (S-PASS): survey
                        description and maps}",
      journal        = "accepted for publication in \mnras",
      year           = "2019",
      eprint         = "1903.09420",
      archivePrefix  = "arXiv",
      primaryClass   = "astro-ph.GA",
      SLACcitation   = "%%CITATION = ARXIV:1903.09420;%%"
}


@ARTICLE{remazeilles2014,
   author = {{Remazeilles}, M. and {Dickinson}, C. and {Banday}, A.~J. and 
	{Bigot-Sazy}, M.-A. and {Ghosh}, T.},
    title = "{An improved source-subtracted and destriped 408-MHz all-sky map}",
  journal = {\mnras},
archivePrefix = "arXiv",
   eprint = {1411.3628},
 primaryClass = "astro-ph.IM",
 keywords = {methods: data analysis, techniques: image processing, diffuse radiation, radio continuum: general},
     year = 2015,
    month = aug,
   volume = 451,
    pages = {4311-4327},
      doi = {10.1093/mnras/stv1274},
   adsurl = {http://adsabs.harvard.edu/abs/2015MNRAS.451.4311R},
  adsnote = {Provided by the SAO/NASA Astrophysics Data System}
}

@ARTICLE{Gold2011,
   author = {{Gold}, B. and {Odegard}, N. and {Weiland}, J.~L. and {Hill}, R.~S. and 
	{Kogut}, A. and {Bennett}, C.~L. and {Hinshaw}, G. and {Chen}, X. and 
	{Dunkley}, J. and {Halpern}, M. and {Jarosik}, N. and {Komatsu}, E. and 
	{Larson}, D. and {Limon}, M. and {Meyer}, S.~S. and {Nolta}, M.~R. and 
	{Page}, L. and {Smith}, K.~M. and {Spergel}, D.~N. and {Tucker}, G.~S. and 
	{Wollack}, E. and {Wright}, E.~L.},
    title = "{Seven-year Wilkinson Microwave Anisotropy Probe (WMAP) Observations: Galactic Foreground Emission}",
  journal = {\apjs},
archivePrefix = "arXiv",
   eprint = {1001.4555},
 primaryClass = "astro-ph.GA",
 keywords = {cosmic background radiation, cosmology: observations, diffuse radiation, Galaxy: halo, Galaxy: structure, ISM: structure},
     year = 2011,
    month = feb,
   volume = 192,
      eid = {15},
    pages = {15},
      doi = {10.1088/0067-0049/192/2/15},
   adsurl = {http://adsabs.harvard.edu/abs/2011ApJS..192...15G},
  adsnote = {Provided by the SAO/NASA Astrophysics Data System}
}


@ARTICLE{deOliveira-Costa2004,
   author = {{de Oliveira-Costa}, A. and {Tegmark}, M. and {Davies}, R.~D. and 
	{Guti{\'e}rrez}, C.~M. and {Lasenby}, A.~N. and {Rebolo}, R. and 
	{Watson}, R.~A.},
    title = "{The Quest for Microwave Foreground X}",
  journal = {\apjl},
   eprint = {astro-ph/0312039},
 keywords = {Cosmology: Cosmic Microwave Background, Cosmology: Diffuse Radiation, Methods: Data Analysis, Radiation Mechanisms: Nonthermal, Radiation Mechanisms: Thermal},
     year = 2004,
    month = may,
   volume = 606,
    pages = {L89-L92},
      doi = {10.1086/421293},
   adsurl = {http://adsabs.harvard.edu/abs/2004ApJ...606L..89D},
  adsnote = {Provided by the SAO/NASA Astrophysics Data System}
}

@ARTICLE{Davies2006,
   author = {{Davies}, R.~D. and {Dickinson}, C. and {Banday}, A.~J. and 
	{Jaffe}, T.~R. and {G{\'o}rski}, K.~M. and {Davis}, R.~J.},
    title = "{A determination of the spectra of Galactic components observed by the Wilkinson Microwave Anisotropy Probe}",
  journal = {\mnras},
   eprint = {astro-ph/0511384},
 keywords = {radiation mechanisms: general: cosmic microwave background: cosmology: observations: diffuse radiation: radio continuum: ISM, radiation mechanisms: general, cosmic microwave background, cosmology: observations, diffuse radiation, radio continuum: ISM},
     year = 2006,
    month = aug,
   volume = 370,
    pages = {1125-1139},
      doi = {10.1111/j.1365-2966.2006.10572.x},
   adsurl = {http://adsabs.harvard.edu/abs/2006MNRAS.370.1125D},
  adsnote = {Provided by the SAO/NASA Astrophysics Data System}
}

@ARTICLE{Erickson1957,
   author = {{Erickson}, W.~C.},
    title = "{A Mechanism of Non-Thermal Radio-Noise Origin.}",
  journal = {\apj},
     year = 1957,
    month = nov,
   volume = 126,
    pages = {480},
      doi = {10.1086/146421},
   adsurl = {http://adsabs.harvard.edu/abs/1957ApJ...126..480E},
  adsnote = {Provided by the SAO/NASA Astrophysics Data System}
}


@ARTICLE{eriksen2004,
   author = {{Eriksen}, H.~K. and {O'Dwyer}, I.~J. and {Jewell}, J.~B. and 
	{Wandelt}, B.~D. and {Larson}, D.~L. and {G{\'o}rski}, K.~M. and 
	{Levin}, S. and {Banday}, A.~J. and {Lilje}, P.~B.},
    title = "{Power Spectrum Estimation from High-Resolution Maps by Gibbs Sampling}",
  journal = {\apjs},
   eprint = {astro-ph/0407028},
 keywords = {Cosmology: Cosmic Microwave Background, Cosmology: Observations, Methods: Numerical},
     year = 2004,
    month = dec,
   volume = 155,
    pages = {227-241},
      doi = {10.1086/425219},
   adsurl = {http://adsabs.harvard.edu/abs/2004ApJS..155..227E},
  adsnote = {Provided by the SAO/NASA Astrophysics Data System}
}

@ARTICLE{wandelt2004,
   author = {{Wandelt}, B.~D. and {Larson}, D.~L. and {Lakshminarayanan}, A.
	},
    title = "{Global, exact cosmic microwave background data analysis using Gibbs sampling}",
  journal = {\prd},
   eprint = {astro-ph/0310080},
 keywords = {Cosmology, Multivariate analysis, Computational techniques, simulations, Background radiations},
     year = 2004,
    month = oct,
   volume = 70,
   number = 8,
      eid = {083511},
    pages = {083511},
      doi = {10.1103/PhysRevD.70.083511},
   adsurl = {http://adsabs.harvard.edu/abs/2004PhRvD..70h3511W},
  adsnote = {Provided by the SAO/NASA Astrophysics Data System}
}

@ARTICLE{jewell2004,
   author = {{Jewell}, J. and {Levin}, S. and {Anderson}, C.~H.},
    title = "{Application of Monte Carlo Algorithms to the Bayesian Analysis of the Cosmic Microwave Background}",
  journal = {\apj},
   eprint = {astro-ph/0209560},
 keywords = {Cosmology: Cosmic Microwave Background, Methods: Data Analysis, Methods: Statistical},
     year = 2004,
    month = jul,
   volume = 609,
    pages = {1-14},
      doi = {10.1086/383515},
   adsurl = {http://adsabs.harvard.edu/abs/2004ApJ...609....1J},
  adsnote = {Provided by the SAO/NASA Astrophysics Data System}
}

@MISC{carretti2009,
   author = {{Carretti}, E. and {Gaensler}, B. and {Staveley-Smith}, L. and 
	{Haverkorn}, M. and {Kesteven}, M. and {Cortiglioni}, S. and 
	{Bernardi}, G. and {Poppi}, S.},
    title = "{S-band Polarization All Sky Survey (S-PASS)}",
 keywords = {Galactic, Extragalactic, Parkes},
howpublished = {ATNF Proposal},
     year = 2009,
    month = apr,
    pages = {2265},
   adsurl = {http://adsabs.harvard.edu/abs/2009atnf.prop.2265C},
  adsnote = {Provided by the SAO/NASA Astrophysics Data System}
}

@INPROCEEDINGS{king2010,
   author = {{King}, O.~G. and {Copley}, C. and {Davies}, R. and {Davis}, R. and 
	{Dickinson}, C. and {Hafez}, Y.~A. and {Holler}, C. and {John}, J.~J. and 
	{Jonas}, J.~L. and {Jones}, M.~E. and {Leahy}, J.~P. and {Muchovej}, S.~J.~C. and 
	{Pearson}, T.~J. and {Readhead}, A.~C.~S. and {Stevenson}, M.~A. and 
	{Taylor}, A.~C.},
    title = "{The C-Band All-Sky Survey: instrument design, status, and first-look data}",
booktitle = {Society of Photo-Optical Instrumentation Engineers (SPIE) Conference Series},
     year = 2010,
   series = {Society of Photo-Optical Instrumentation Engineers (SPIE) Conference Series},
   volume = 7741,
archivePrefix = "arXiv",
   eprint = {1008.4082},
 primaryClass = "astro-ph.GA",
    month = jul,
      eid = {77411I},
    pages = {1},
      doi = {10.1117/12.858011},
   adsurl = {http://adsabs.harvard.edu/abs/2010SPIE.7741E..1IK},
  adsnote = {Provided by the SAO/NASA Astrophysics Data System}
}

@BOOK{draine2011,
     author = {{Draine}, B.~T.},
      title = "{Physics of the Interstellar and Intergalactic Medium}",
  booktitle = {Physics of the Interstellar and Intergalactic Medium by Bruce T.~Draine.~Princeton University Press, 2011.~ISBN: 978-0-691-12214-4},
       year = 2011,
  publisher = {Princeton University Press},
     adsurl = {http://adsabs.harvard.edu/abs/2011piim.book.....D},
    adsnote = {Provided by the SAO/NASA Astrophysics Data System}
}

@ARTICLE{draine1998,
   author = {{Draine}, B.~T. and {Lazarian}, A.},
    title = "{Diffuse Galactic Emission from Spinning Dust Grains}",
  journal = {\apjl},
   eprint = {astro-ph/9710152},
 keywords = {MOLECULAR PROCESSES, ISM: DUST, EXTINCTION, COSMOLOGY: COSMIC MICROWAVE BACKGROUND, RADIATION MECHANISMS: THERMAL, RADIO CONTINUUM: ISM, Cosmology: Cosmic Microwave Background, ISM: Dust, Extinction, Molecular Processes, Radiation Mechanisms: Thermal, Radio Continuum: ISM},
     year = 1998,
    month = feb,
   volume = 494,
    pages = {L19-L22},
      doi = {10.1086/311167},
   adsurl = {http://adsabs.harvard.edu/abs/1998ApJ...494L..19D},
  adsnote = {Provided by the SAO/NASA Astrophysics Data System}
}

@MISC{ali-haimoud2010,
   author = {{Ali-Ha{\"i}moud}, Y.},
    title = "{SpDust/SpDust.2: Code to Calculate Spinning Dust Spectra}",
howpublished = {Astrophysics Source Code Library},
     year = 2010,
archivePrefix = "ascl",
   eprint = {1010.016},
    month = oct,
   adsurl = {http://adsabs.harvard.edu/abs/2010ascl.soft10016A},
  adsnote = {Provided by the SAO/NASA Astrophysics Data System}
}

@ARTICLE{ali-haimoud2009,
   author = {{Ali-Ha{\"i}moud}, Y. and {Hirata}, C.~M. and {Dickinson}, C.
	},
    title = "{A refined model for spinning dust radiation}",
  journal = {\mnras},
archivePrefix = "arXiv",
   eprint = {0812.2904},
 keywords = {radiation mechanisms: non-thermal , dust, extinction , radio continuum: ISM},
     year = 2009,
    month = may,
   volume = 395,
    pages = {1055-1078},
      doi = {10.1111/j.1365-2966.2009.14599.x},
   adsurl = {http://adsabs.harvard.edu/abs/2009MNRAS.395.1055A},
  adsnote = {Provided by the SAO/NASA Astrophysics Data System}
}


@BOOK{press2002,
   author = {{Press}, W.~H. and {Teukolsky}, S.~A. and {Vetterling}, W.~T. and 
	{Flannery}, B.~P.},
    title = "{Numerical recipes in C++ : the art of scientific computing}",
booktitle = {Numerical recipes in C++ : the art of scientific computing by William H.~Press.~xxviii, 1,002 p.~: ill.~; 26 cm.~ Includes bibliographical references and index.~ISBN :  0521750334},
     year = 2002,
   adsurl = {http://adsabs.harvard.edu/abs/2002nrc..book.....P},
  adsnote = {Provided by the SAO/NASA Astrophysics Data System}
}

@ARTICLE{moskalenko1998,
   author = {{Moskalenko}, I.~V. and {Strong}, A.~W.},
    title = "{Production and Propagation of Cosmic-Ray Positrons and Electrons}",
  journal = {\apj},
   eprint = {astro-ph/9710124},
 keywords = {ACCELERATION OF PARTICLES, ISM: COSMIC RAYS, DIFFUSION, ELEMENTARY PARTICLES, GALAXY: HALO, GAMMA RAYS: THEORY, ISM: ABUNDANCES, Acceleration of Particles, ISM: Cosmic Rays, Diffusion, Elementary Particles, Galaxy: Halo, Gamma Rays: Theory, ISM: Abundances},
     year = 1998,
    month = jan,
   volume = 493,
    pages = {694-707},
      doi = {10.1086/305152},
   adsurl = {http://adsabs.harvard.edu/abs/1998ApJ...493..694M},
  adsnote = {Provided by the SAO/NASA Astrophysics Data System}
}

@ARTICLE{strong2007,
   author = {{Strong}, A.~W. and {Moskalenko}, I.~V. and {Ptuskin}, V.~S.
	},
    title = "{Cosmic-Ray Propagation and Interactions in the Galaxy}",
  journal = {Annual Review of Nuclear and Particle Science},
   eprint = {astro-ph/0701517},
     year = 2007,
    month = nov,
   volume = 57,
    pages = {285-327},
      doi = {10.1146/annurev.nucl.57.090506.123011},
   adsurl = {http://adsabs.harvard.edu/abs/2007ARNPS..57..285S},
  adsnote = {Provided by the SAO/NASA Astrophysics Data System}
}


@ARTICLE{krachmalnicoff2018,
   author = {{Krachmalnicoff}, N. and {Carretti}, E. and {Baccigalupi}, C. and 
	{Bernardi}, G. and {Brown}, S. and {Gaensler}, B.~M. and {Haverkorn}, M. and 
	{Kesteven}, M. and {Perrotta}, F. and {Poppi}, S. and {Staveley-Smith}, L.
	},
    title = "{The S-PASS view of polarized Galactic Synchrotron at 2.3 GHz as a contaminant to CMB observations}",
  journal = {ArXiv e-prints},
archivePrefix = "arXiv",
   eprint = {1802.01145},
 keywords = {Astrophysics - Astrophysics of Galaxies, Astrophysics - Cosmology and Nongalactic Astrophysics, Astrophysics - Instrumentation and Methods for Astrophysics},
     year = 2018,
    month = feb,
   adsurl = {http://adsabs.harvard.edu/abs/2018arXiv180201145K},
  adsnote = {Provided by the SAO/NASA Astrophysics Data System}
}

@ARTICLE{orlando2013,
   author = {{Orlando}, E. and {Strong}, A.},
    title = "{Galactic synchrotron emission with cosmic ray propagation models}",
  journal = {\mnras},
archivePrefix = "arXiv",
   eprint = {1309.2947},
 primaryClass = "astro-ph.GA",
 keywords = {cosmic rays, ISM: magnetic fields, Galaxy: general, radio continuum: ISM},
     year = 2013,
    month = dec,
   volume = 436,
    pages = {2127-2142},
      doi = {10.1093/mnras/stt1718},
   adsurl = {http://adsabs.harvard.edu/abs/2013MNRAS.436.2127O},
  adsnote = {Provided by the SAO/NASA Astrophysics Data System}
}

@ARTICLE{meisner2015,
   author = {{Meisner}, A.~M. and {Finkbeiner}, D.~P.},
    title = "{Modeling Thermal Dust Emission with Two Components: Application to the Planck High Frequency Instrument Maps}",
  journal = {\apj},
archivePrefix = "arXiv",
   eprint = {1410.7523},
 keywords = {dust, extinction, infrared: ISM, submillimeter: ISM },
     year = 2015,
    month = jan,
   volume = 798,
      eid = {88},
    pages = {88},
      doi = {10.1088/0004-637X/798/2/88},
   adsurl = {http://adsabs.harvard.edu/abs/2015ApJ...798...88M},
  adsnote = {Provided by the SAO/NASA Astrophysics Data System}
}

@ARTICLE{leitch1997,
   author = {{Leitch}, E.~M. and {Readhead}, A.~C.~S. and {Pearson}, T.~J. and 
	{Myers}, S.~T.},
    title = "{An Anomalous Component of Galactic Emission}",
  journal = {\apjl},
   eprint = {astro-ph/9705241},
 keywords = {COSMOLOGY: COSMIC MICROWAVE BACKGROUND, ISM: DUST, EXTINCTION, ISM: H II REGIONS, ISM: SUPERNOVA REMNANTS, Cosmology: Cosmic Microwave Background, ISM: Dust, Extinction, ISM: H II Regions, ISM: Supernova Remnants},
     year = 1997,
    month = sep,
   volume = 486,
    pages = {L23-L26},
      doi = {10.1086/310823},
   adsurl = {http://adsabs.harvard.edu/abs/1997ApJ...486L..23L},
  adsnote = {Provided by the SAO/NASA Astrophysics Data System}
}

@ARTICLE{draine2013,
   author = {{Draine}, B.~T. and {Hensley}, B.},
    title = "{Magnetic Nanoparticles in the Interstellar Medium: Emission Spectrum and Polarization}",
  journal = {\apj},
archivePrefix = "arXiv",
   eprint = {1205.7021},
 primaryClass = "astro-ph.GA",
 keywords = {dust, extinction, infrared: galaxies, infrared: ISM, polarization, radiation mechanisms: thermal, radio continuum: ISM },
     year = 2013,
    month = mar,
   volume = 765,
      eid = {159},
    pages = {159},
      doi = {10.1088/0004-637X/765/2/159},
   adsurl = {http://adsabs.harvard.edu/abs/2013ApJ...765..159D},
  adsnote = {Provided by the SAO/NASA Astrophysics Data System}
}


@ARTICLE{liu2014,
   author = {{Liu}, H. and {Mertsch}, P. and {Sarkar}, S.},
    title = "{Fingerprints of Galactic Loop I on the Cosmic Microwave Background}",
  journal = {\apjl},
archivePrefix = "arXiv",
   eprint = {1404.1899},
 keywords = {cosmic background radiation, cosmology: observations, polarization },
     year = 2014,
    month = jul,
   volume = 789,
      eid = {L29},
    pages = {L29},
      doi = {10.1088/2041-8205/789/2/L29},
   adsurl = {http://adsabs.harvard.edu/abs/2014ApJ...789L..29L},
  adsnote = {Provided by the SAO/NASA Astrophysics Data System}
}




@ARTICLE{wehus2014,
   author = {{Wehus}, I.~K. and {Fuskeland}, U. and {Eriksen}, H.~K. and 
	{Banday}, A.~J. and {Dickinson}, C. and {Ghosh}, T and {Gorski}, K.~M. and 
	{Lawrence}, C.~R. and {Leahy}, J.~P. and {Maino}, D. and {Reich}, P. and 
	{Reich}, W.},
    title = "{Monopole and dipole estimation for multi-frequency sky maps by linear regression}",
  journal = {ArXiv e-prints},
archivePrefix = "arXiv",
   eprint = {1411.7616},
 keywords = {Astrophysics - Cosmology and Nongalactic Astrophysics},
     year = 2014,
    month = nov,
   adsurl = {http://adsabs.harvard.edu/abs/2014arXiv1411.7616W},
  adsnote = {Provided by the SAO/NASA Astrophysics Data System}
}



@book{Gelman03,
  author = "Andrew Gelman and John B. Carlin and Hal S. Stern and Donald B. Rubin",
  title = "Bayesian Data Analysis ",
  publisher = "Chapman and Hall/CRC",
  year = "2003",
  ISBN = "158488388X"
}

@ARTICLE{silsbee2011,
   author = {{Silsbee}, K. and {Ali-Ha{\"i}moud}, Y. and {Hirata}, C.~M.},
    title = "{Spinning dust emission: the effect of rotation around a non-principal axis}",
  journal = {\mnras},
archivePrefix = "arXiv",
   eprint = {1003.4732},
 primaryClass = "astro-ph.GA",
 keywords = {radiation mechanisms: non-thermal, dust, extinction, radio continuum: ISM},
     year = 2011,
    month = mar,
   volume = 411,
    pages = {2750-2769},
      doi = {10.1111/j.1365-2966.2010.17882.x},
   adsurl = {http://adsabs.harvard.edu/abs/2011MNRAS.411.2750S},
  adsnote = {Provided by the SAO/NASA Astrophysics Data System}
}

@ARTICLE{Takekawa2014,
   author = {{Takekawa}, S. and {Oka}, T. and {Tanaka}, K. and {Matsumura}, S. and 
	{Miura}, K. and {Sakai}, D.},
    title = "{Millimeter-wave Spectral Line Surveys toward the Galactic Circumnuclear Disk and Sgr A*}",
  journal = {\apjs},
archivePrefix = "arXiv",
   eprint = {1407.4880},
 keywords = {galaxies: nuclei, Galaxy: center, ISM: molecules, radio lines: ISM},
     year = 2014,
    month = sep,
   volume = 214,
      eid = {2},
    pages = {2},
      doi = {10.1088/0067-0049/214/1/2},
   adsurl = {http://adsabs.harvard.edu/abs/2014ApJS..214....2T},
  adsnote = {Provided by the SAO/NASA Astrophysics Data System}
}

@ARTICLE{alves2014,
   author = {{Alves}, M.~I.~R. and {Calabretta}, M. and {Davies}, R.~D. and 
	{Dickinson}, C. and {Staveley-Smith}, L. and {Davis}, R.~J. and 
	{Chen}, T. and {Barr}, A.},
    title = "{The HIPASS survey of the Galactic plane in Radio Recombination Lines}",
  journal = {ArXiv e-prints},
archivePrefix = "arXiv",
   eprint = {1411.4497},
 keywords = {Astrophysics - Astrophysics of Galaxies},
     year = 2014,
    month = nov,
   adsurl = {http://adsabs.harvard.edu/abs/2014arXiv1411.4497A},
  adsnote = {Provided by the SAO/NASA Astrophysics Data System}
}


@ARTICLE{gass1,
   author = {{McClure-Griffiths}, N.~M. and {Pisano}, D.~J. and {Calabretta}, M.~R. and 
	{Ford}, H.~A. and {Lockman}, F.~J. and {Staveley-Smith}, L. and 
	{Kalberla}, P.~M.~W. and {Bailin}, J. and {Dedes}, L. and {Janowiecki}, S. and 
	{Gibson}, B.~K. and {Murphy}, T. and {Nakanishi}, H. and {Newton-McGee}, K.
	},
    title = "{Gass: The Parkes Galactic All-Sky Survey. I. Survey Description, Goals, and Initial Data Release}",
  journal = {\apjs},
archivePrefix = "arXiv",
   eprint = {0901.1159},
 keywords = {galaxies: interactions, Galaxy: structure, ISM: general, Magellanic Clouds, radio lines: ISM, surveys},
     year = 2009,
    month = apr,
   volume = 181,
    pages = {398-412},
      doi = {10.1088/0067-0049/181/2/398},
   adsurl = {http://adsabs.harvard.edu/abs/2009ApJS..181..398M},
  adsnote = {Provided by the SAO/NASA Astrophysics Data System}
}

@ARTICLE{gass2,
   author = {{Kalberla}, P.~M.~W. and {McClure-Griffiths}, N.~M. and {Pisano}, D.~J. and 
	{Calabretta}, M.~R. and {Ford}, H.~A. and {Lockman}, F.~J. and 
	{Staveley-Smith}, L. and {Kerp}, J. and {Winkel}, B. and {Murphy}, T. and 
	{Newton-McGee}, K.},
    title = "{GASS: the Parkes Galactic all-sky survey. II. Stray-radiation correction and second data release}",
  journal = {\aap},
archivePrefix = "arXiv",
   eprint = {1007.0686},
 primaryClass = "astro-ph.GA",
 keywords = {surveys, ISM: general, radio lines: ISM, Galaxy: structure},
     year = 2010,
    month = oct,
   volume = 521,
      eid = {A17},
    pages = {A17},
      doi = {10.1051/0004-6361/200913979},
   adsurl = {http://adsabs.harvard.edu/abs/2010A%26A...521A..17K},
  adsnote = {Provided by the SAO/NASA Astrophysics Data System}
}

@ARTICLE{hurier2013,
   author = {{Hurier}, G. and {Mac{\'{\i}}as-P{\'e}rez}, J.~F. and {Hildebrandt}, S.
	},
    title = "{MILCA, a modified internal linear combination algorithm to extract astrophysical emissions from multifrequency sky maps}",
  journal = {\aap},
archivePrefix = "arXiv",
   eprint = {1007.1149},
 primaryClass = "astro-ph.IM",
 keywords = {methods: data analysis, techniques: image processing, cosmic background radiation},
     year = 2013,
    month = oct,
   volume = 558,
      eid = {A118},
    pages = {A118},
      doi = {10.1051/0004-6361/201321891},
   adsurl = {http://adsabs.harvard.edu/abs/2013A\%26A...558A.118H},
  adsnote = {Provided by the SAO/NASA Astrophysics Data System}
}

@ARTICLE{bicep2_2014,
   author = {{Ade}, P.~A.~R. and {Aikin}, R.~W. and {Barkats}, D. and {Benton}, S.~J. and 
	{Bischoff}, C.~A. and {Bock}, J.~J. and {Brevik}, J.~A. and 
	{Buder}, I. and {Bullock}, E. and {Dowell}, C.~D. and {Duband}, L. and 
	{Filippini}, J.~P. and {Fliescher}, S. and {Golwala}, S.~R. and 
	{Halpern}, M. and {Hasselfield}, M. and {Hildebrandt}, S.~R. and 
	{Hilton}, G.~C. and {Hristov}, V.~V. and {Irwin}, K.~D. and 
	{Karkare}, K.~S. and {Kaufman}, J.~P. and {Keating}, B.~G. and 
	{Kernasovskiy}, S.~A. and {Kovac}, J.~M. and {Kuo}, C.~L. and 
	{Leitch}, E.~M. and {Lueker}, M. and {Mason}, P. and {Netterfield}, C.~B. and 
	{Nguyen}, H.~T. and {O'Brient}, R. and {Ogburn}, R.~W. and {Orlando}, A. and 
	{Pryke}, C. and {Reintsema}, C.~D. and {Richter}, S. and {Schwarz}, R. and 
	{Sheehy}, C.~D. and {Staniszewski}, Z.~K. and {Sudiwala}, R.~V. and 
	{Teply}, G.~P. and {Tolan}, J.~E. and {Turner}, A.~D. and {Vieregg}, A.~G. and 
	{Wong}, C.~L. and {Yoon}, K.~W. and {Bicep2 Collaboration}},
    title = "{Detection of B-Mode Polarization at Degree Angular Scales by BICEP2}",
  journal = {Physical Review Letters},
archivePrefix = "arXiv",
   eprint = {1403.3985},
 keywords = {Background radiations, Gravitational wave detectors and experiments, Radio microwave, Observational cosmology},
     year = 2014,
    month = jun,
   volume = 112,
   number = 24,
      eid = {241101},
    pages = {241101},
      doi = {10.1103/PhysRevLett.112.241101},
   adsurl = {http://adsabs.harvard.edu/abs/2014PhRvL.112x1101A},
  adsnote = {Provided by the SAO/NASA Astrophysics Data System}
}


@article{sun72,
author = {R. A Sunyaev and Ya. B Zeldovich}, 
journal = {Comments on Astrophysics and Space Physics},
title = {The Observations of Relic Radiation as a Test of the Nature of X-Ray Radiation from the Clusters of Galaxies},
abstract = {The decrease of brightness temperature of relic radiation in the direction of the cluster of galaxies identically testifies to the existence of hot intergalactic gas in clusters.},
affiliation = {AA(USSR Academy of Sciences, Institute of Applied Mathematics, Moscow, USSR), AB(USSR Academy of Sciences, Institute of Applied Mathematics, Moscow, USSR)},
pages = {173},
volume = {4},
year = {1972},
month = {Nov},
keywords = {Clusters of Galaxies, Microwave Background Radiation, Cosmology, Intergalactic Gas, X-Ray Astronomy}, 
date-added = {2009-10-17 17:41:04 +0200},
date-modified = {2009-10-27 08:40:39 +0100},
pmid = {1972CoASP...4..173S},
URL = {http://adsabs.harvard.edu/cgi-bin/nph-data_query?bibcode=1972CoASP...4..173S&link_type=ABSTRACT},
local-url = {file://localhost/Users/pointeco/Biblio/Papers/1972/1972_Sunyaev_Comments%20on%20Astrophysics%20and%20Space%20Physics_4_173.pdf},
uri = {papers://0AEF25AE-7FDF-4EDC-8AE4-40B22AC6DAD2/Paper/p1275},
rating = {0}
}

@ARTICLE{king2014,
   author = {{King}, O.~G. and {Jones}, M.~E. and {Blackhurst}, E.~J. and 
	{Copley}, C. and {Davis}, R.~J. and {Dickinson}, C. and {Holler}, C.~M. and 
	{Irfan}, M.~O. and {John}, J.~J. and {Leahy}, J.~P. and {Leech}, J. and 
	{Muchovej}, S.~J.~C. and {Pearson}, T.~J. and {Stevenson}, M.~A. and 
	{Taylor}, A.~C.},
    title = "{The C-Band All-Sky Survey (C-BASS): design and implementation of the northern receiver}",
  journal = {\mnras},
archivePrefix = "arXiv",
   eprint = {1310.7129},
 primaryClass = "astro-ph.IM",
 keywords = {instrumentation: polarimeters, Galaxy: general, radio continuum: general},
     year = 2014,
    month = mar,
   volume = 438,
    pages = {2426-2439},
      doi = {10.1093/mnras/stt2359},
   adsurl = {http://adsabs.harvard.edu/abs/2014MNRAS.438.2426K},
  adsnote = {Provided by the SAO/NASA Astrophysics Data System}
}

@ARTICLE{lewis2013,
   author = {{Lewis}, A.},
    title = "{Rayleigh scattering: blue sky thinking for future CMB observations}",
  journal = {\jcap},
archivePrefix = "arXiv",
   eprint = {1307.8148},
 primaryClass = "astro-ph.CO",
     year = 2013,
    month = aug,
   volume = 8,
      eid = {053},
    pages = {53},
      doi = {10.1088/1475-7516/2013/08/053},
   adsurl = {http://adsabs.harvard.edu/abs/2013JCAP...08..053L},
  adsnote = {Provided by the SAO/NASA Astrophysics Data System}
}

@ARTICLE{gispert2000,
   author = {{Gispert}, R. and {Lagache}, G. and {Puget}, J.~L.},
    title = "{Implications of the cosmic infrared background for light production and the star formation history in the Universe}",
  journal = {\aap},
   eprint = {astro-ph/0005554},
 keywords = {COSMOLOGY: OBSERVATIONS, COSMOLOGY: DIFFUSE RADIATION, INFRARED: GALAXIES},
     year = 2000,
    month = aug,
   volume = 360,
    pages = {1-9},
   adsurl = {http://adsabs.harvard.edu/abs/2000A%26A...360....1G},
  adsnote = {Provided by the SAO/NASA Astrophysics Data System}
}


@ARTICLE{magnani2000,
   author = {{Magnani}, L. and {Hartmann}, D. and {Holcomb}, S.~L. and {Smith}, L.~E. and 
	{Thaddeus}, P.},
    title = "{A Survey of High-Latitude Molecular Gas in the Southern Galactic Hemisphere}",
  journal = {\apj},
 keywords = {ISM: Clouds, ISM: Molecules, Radio Lines: ISM},
     year = 2000,
    month = may,
   volume = 535,
    pages = {167-175},
      doi = {10.1086/308841},
   adsurl = {http://adsabs.harvard.edu/abs/2000ApJ...535..167M},
  adsnote = {Provided by the SAO/NASA Astrophysics Data System}
}

@ARTICLE{hartmann1998,
   author = {{Hartmann}, D. and {Magnani}, L. and {Thaddeus}, P.},
    title = "{A Survey of High-Latitude Molecular Gas in the Northern Galactic Hemisphere}",
  journal = {\apj},
 keywords = {ISM: ABUNDANCES, ISM: CLOUDS, ISM: MOLECULES, SURVEYS, ISM: Abundances, ISM: Clouds, ISM: Molecules, Surveys},
     year = 1998,
    month = jan,
   volume = 492,
    pages = {205-212},
      doi = {10.1086/305019},
   adsurl = {http://adsabs.harvard.edu/abs/1998ApJ...492..205H},
  adsnote = {Provided by the SAO/NASA Astrophysics Data System}
}


@ARTICLE{bull2014,
   author = {{Bull}, P. and {Wehus}, I.~K. and {Eriksen}, H.~K. and {Ferreira}, P.~G. and 
	{Fuskeland}, U. and {Gorski}, K.~M. and {Jewell}, J.~B.},
    title = "{A CMB Gibbs sampler for localized secondary anisotropies}",
  journal = {ArXiv e-prints},
archivePrefix = "arXiv",
   eprint = {1410.2544},
 keywords = {Astrophysics - Cosmology and Nongalactic Astrophysics, Astrophysics - Instrumentation and Methods for Astrophysics},
     year = 2014,
    month = oct,
   adsurl = {http://adsabs.harvard.edu/abs/2014arXiv1410.2544B},
  adsnote = {Provided by the SAO/NASA Astrophysics Data System}
}

@ARTICLE{keating1998,
   author = {{Keating}, B. and {Timbie}, P. and {Polnarev}, A. and {Steinberger}, J.
	},
    title = "{Large Angular Scale Polarization of the Cosmic Microwave Background Radiation and the Feasibility of Its Detection}",
  journal = {\apj},
   eprint = {astro-ph/9710087},
 keywords = {COSMOLOGY: COSMIC MICROWAVE BACKGROUND, COSMOLOGY: THEORY, POLARIZATION, Cosmology: Cosmic Microwave Background, Cosmology: Theory, Polarization},
     year = 1998,
    month = mar,
   volume = 495,
    pages = {580-596},
      doi = {10.1086/305312},
   adsurl = {http://adsabs.harvard.edu/abs/1998ApJ...495..580K},
  adsnote = {Provided by the SAO/NASA Astrophysics Data System}
}

@ARTICLE{macellari2011,
   author = {{Macellari}, N. and {Pierpaoli}, E. and {Dickinson}, C. and 
	{Vaillancourt}, J.~E.},
    title = "{Galactic foreground contributions to the 5-year Wilkinson Microwave Anisotropy Probe maps}",
  journal = {\mnras},
archivePrefix = "arXiv",
   eprint = {1108.0205},
 primaryClass = "astro-ph.GA",
 keywords = {polarization, ISM: general, Galaxy: general, cosmic background radiation, diffuse radiation, radio continuum: ISM},
     year = 2011,
    month = dec,
   volume = 418,
    pages = {888-905},
      doi = {10.1111/j.1365-2966.2011.19542.x},
   adsurl = {http://adsabs.harvard.edu/abs/2011MNRAS.418..888M},
  adsnote = {Provided by the SAO/NASA Astrophysics Data System}
}

@ARTICLE{lazarian2000,
   author = {{Lazarian}, A. and {Draine}, B.~T.},
    title = "{Resonance Paramagnetic Relaxation and Alignment of Small Grains}",
  journal = {\apjl},
   eprint = {astro-ph/0003312},
 keywords = {Atomic Processes, Cosmology: Cosmic Microwave Background, ISM: Dust, Extinction, Polarization},
     year = 2000,
    month = jun,
   volume = 536,
    pages = {L15-L18},
      doi = {10.1086/312720},
   adsurl = {http://adsabs.harvard.edu/abs/2000ApJ...536L..15L},
  adsnote = {Provided by the SAO/NASA Astrophysics Data System}
}

@ARTICLE{rubino-martin2012,
   author = {{Rubi{\~n}o-Mart{\'{\i}}n}, J.~A. and {L{\'o}pez-Caraballo}, C.~H. and 
	{G{\'e}nova-Santos}, R. and {Rebolo}, R.},
    title = "{Observations of the Polarisation of the Anomalous Microwave Emission: A Review}",
  journal = {Advances in Astronomy},
     year = 2012,
   volume = 2012,
      eid = {351836},
    pages = {40},
      doi = {10.1155/2012/351836},
   adsurl = {http://adsabs.harvard.edu/abs/2012AdAst2012E..40R},
  adsnote = {Provided by the SAO/NASA Astrophysics Data System}
}


@ARTICLE{greaves1999,
   author = {{Greaves}, J.~S. and {Holland}, W.~S. and {Friberg}, P. and 
	{Dent}, W.~R.~F.},
    title = "{Polarized CO Emission from Molecular Clouds}",
  journal = {\apjl},
   eprint = {astro-ph/9812428},
 keywords = {ISM: MAGNETIC FIELDS, POLARIZATION, ISM: Magnetic Fields, Polarization},
     year = 1999,
    month = feb,
   volume = 512,
    pages = {L139-L142},
      doi = {10.1086/311888},
   adsurl = {http://adsabs.harvard.edu/abs/1999ApJ...512L.139G},
  adsnote = {Provided by the SAO/NASA Astrophysics Data System}
}


@ARTICLE{zaldarriaga1997,
   author = {{Zaldarriaga}, M. and {Seljak}, U.},
    title = "{All-sky analysis of polarization in the microwave background}",
  journal = {\prd},
   eprint = {astro-ph/9609170},
 keywords = {Background radiations, Particle-theory and field-theory models of the early Universe},
     year = 1997,
    month = feb,
   volume = 55,
    pages = {1830-1840},
      doi = {10.1103/PhysRevD.55.1830},
   adsurl = {http://adsabs.harvard.edu/abs/1997PhRvD..55.1830Z},
  adsnote = {Provided by the SAO/NASA Astrophysics Data System}
}

@ARTICLE{kamionkowski1997,
   author = {{Kamionkowski}, M. and {Kosowsky}, A. and {Stebbins}, A.},
    title = "{Statistics of cosmic microwave background polarization}",
  journal = {\prd},
   eprint = {astro-ph/9611125},
 keywords = {Background radiations, Particle-theory and field-theory models of the early Universe},
     year = 1997,
    month = jun,
   volume = 55,
    pages = {7368-7388},
      doi = {10.1103/PhysRevD.55.7368},
   adsurl = {http://adsabs.harvard.edu/abs/1997PhRvD..55.7368K},
  adsnote = {Provided by the SAO/NASA Astrophysics Data System}
}

@BOOK{pacholczyk1970,
   author = {{Pacholczyk}, A.~G.},
    title = "{Radio astrophysics. Nonthermal processes in galactic and extragalactic sources}",
 keywords = {RADIO SOURCES},
booktitle = {Series of Books in Astronomy and Astrophysics, San Francisco: Freeman, 1970},
     year = 1970,
   adsurl = {http://adsabs.harvard.edu/abs/1970ranp.book.....P},
  adsnote = {Provided by the SAO/NASA Astrophysics Data System}
}

@ARTICLE{yoda2010,
   author = {{Yoda}, T. and {Handa}, T. and {Kohno}, K. and {Nakajima}, T. and 
	{Kaiden}, M. and {Yonekura}, Y. and {Ogawa}, H. and {Morino}, J.-I. and 
	{Dobashi}, K.},
    title = "{The AMANOGAWA-2SB Galactic Plane SurveyI. Data on the Galactic Equator}",
  journal = {\pasj},
archivePrefix = "arXiv",
   eprint = {1101.3547},
 primaryClass = "astro-ph.GA",
 keywords = {Galaxy: disk, Galaxy: structure, ISM: molecules, surveys},
     year = 2010,
    month = oct,
   volume = 62,
    pages = {1277-1289},
      doi = {10.1093/pasj/62.5.1277},
   adsurl = {http://adsabs.harvard.edu/abs/2010PASJ...62.1277Y},
  adsnote = {Provided by the SAO/NASA Astrophysics Data System}
}

@INPROCEEDINGS{handa2012,
   author = {{Handa}, T. and {Yoda}, T. and {Kohno}, K. and {Morino}, J.-i. and 
	{Nakajima}, T. and {Kuno}, N. and {Ogawa}, H. and {Kimura}, K.
	},
    title = "{The AMANOGAWA-2SB Surevey and the Gas Density Histogram of Milky Way Galaxy to Address the Origin of the Density Structure of ISM}",
booktitle = {Galactic Archaeology: Near-Field Cosmology and the Formation of the Milky Way},
     year = 2012,
   series = {Astronomical Society of the Pacific Conference Series},
   volume = 458,
   editor = {{Aoki}, W. and {Ishigaki}, M. and {Suda}, T. and {Tsujimoto}, T. and 
	{Arimoto}, N.},
    month = aug,
    pages = {221},
   adsurl = {http://adsabs.harvard.edu/abs/2012ASPC..458..221H},
  adsnote = {Provided by the SAO/NASA Astrophysics Data System}
}


@ARTICLE{chon2004,
   author = {{Chon}, G. and {Challinor}, A. and {Prunet}, S. and {Hivon}, E. and 
	{Szapudi}, I.},
    title = "{Fast estimation of polarization power spectra using correlation functions}",
  journal = {\mnras},
   eprint = {astro-ph/0303414},
 keywords = {methods: analytical:, methods: numerical, cosmic microwave background},
     year = 2004,
    month = may,
   volume = 350,
    pages = {914-926},
      doi = {10.1111/j.1365-2966.2004.07737.x},
   adsurl = {http://adsabs.harvard.edu/abs/2004MNRAS.350..914C},
  adsnote = {Provided by the SAO/NASA Astrophysics Data System}
}

@ARTICLE{dickinson2003,
   author = {{Dickinson}, C. and {Davies}, R.~D. and {Davis}, R.~J.},
    title = "{Towards a free-free template for CMB foregrounds}",
  journal = {\mnras},
   eprint = {astro-ph/0302024},
 keywords = {radiation mechanisms: thermal, dust, extinction, HII regions, cosmic microwave background, radio continuum: ISM},
     year = 2003,
    month = may,
   volume = 341,
    pages = {369-384},
      doi = {10.1046/j.1365-8711.2003.06439.x},
   adsurl = {http://ukads.nottingham.ac.uk/abs/2003MNRAS.341..369D},
  adsnote = {Provided by the SAO/NASA Astrophysics Data System}
}

@ARTICLE{battistelli2003,
   author = {{Battistelli}, E.~S. and {De Petris}, M. and {Lamagna}, L. and 
	{Luzzi}, G. and {Maoli}, R. and {Melchiorri}, A. and {Melchiorri}, F. and 
	{Orlando}, A. and {Palladino}, E. and {Savini}, G. and {Rephaeli}, Y. and 
	{Shimon}, M. and {Signore}, M. and {Colafrancesco}, S.},
    title = "{Triple Experiment Spectrum of the Sunyaev-Zel'dovich Effect in the Coma Cluster: H$_{0}$}",
  journal = {\apjl},
   eprint = {astro-ph/0303587},
 keywords = {Cosmology: Cosmic Microwave Background, Cosmology: Observations, Galaxies: Clusters: Individual: Alphanumeric: A1656},
     year = 2003,
    month = dec,
   volume = 598,
    pages = {L75-L78},
      doi = {10.1086/380778},
   adsurl = {http://adsabs.harvard.edu/abs/2003ApJ...598L..75B},
  adsnote = {Provided by the SAO/NASA Astrophysics Data System}
}


@ARTICLE{diego2008,
   author = {{Diego}, J.~M. and {Ascasibar}, Y.},
    title = "{Looking for the Sunyaev-Zel'dovich effect in the Virgo cluster from WMAP and ROSAT data}",
  journal = {\mnras},
archivePrefix = "arXiv",
   eprint = {0804.0432},
 keywords = {galaxies: clusters: individual: Virgo cluster , cosmic microwave background , X-rays: general},
     year = 2008,
    month = oct,
   volume = 389,
    pages = {1805-1814},
      doi = {10.1111/j.1365-2966.2008.13685.x},
   adsurl = {http://adsabs.harvard.edu/abs/2008MNRAS.389.1805D},
  adsnote = {Provided by the SAO/NASA Astrophysics Data System}
}

@ARTICLE{vidal2014,
   author = {{Vidal}, M. and {Dickinson}, C. and {Davies}, R.~D. and {Leahy}, J.~P.
	},
    title = "{Polarised radio filaments outside the Galactic plane}",
  journal = {ArXiv e-prints},
archivePrefix = "arXiv",
   eprint = {1410.4438},
 keywords = {Astrophysics - Astrophysics of Galaxies},
     year = 2014,
    month = oct,
   adsurl = {http://adsabs.harvard.edu/abs/2014arXiv1410.4438V},
  adsnote = {Provided by the SAO/NASA Astrophysics Data System}
}

@ARTICLE{rephaeli1995,
   author = {{Rephaeli}, Y.},
    title = "{Comptonization Of The Cosmic Microwave Background: The Sunyaev-Zeldovich Effect}",
  journal = {\araa},
     year = 1995,
   volume = 33,
    pages = {541-580},
      doi = {10.1146/annurev.aa.33.090195.002545},
   adsurl = {http://adsabs.harvard.edu/abs/1995ARA%26A..33..541R},
  adsnote = {Provided by the SAO/NASA Astrophysics Data System}
}

@ARTICLE{tucci2012,
   author = {{Tucci}, M. and {Toffolatti}, L.},
    title = "{The Impact of Polarized Extragalactic Radio Sources on the Detection of CMB Anisotropies in Polarization}",
  journal = {Advances in Astronomy},
archivePrefix = "arXiv",
   eprint = {1204.0427},
 primaryClass = "astro-ph.CO",
     year = 2012,
    month = dec,
   volume = 2012,
      eid = {624987},
    pages = {52},
      doi = {10.1155/2012/624987},
   adsurl = {http://adsabs.harvard.edu/abs/2012AdAst2012E..52T},
  adsnote = {Provided by the SAO/NASA Astrophysics Data System}
}


    @article{jeffreys1946,
     jstor_articletype = {research-article},
     title = {An Invariant Form for the Prior Probability in Estimation Problems},
     author = {Jeffreys, Harold},
     journal = {Proceedings of the Royal Society of London. Series A, Mathematical and Physical Sciences},
     jstor_issuetitle = {},
     volume = {186},
     number = {1007},
     jstor_formatteddate = {Sep. 24, 1946},
     pages = {pp. 453-461},
     url = {http://www.jstor.org/stable/97883},
     ISSN = {00804630},
     language = {English},
     year = {1946},
     publisher = {The Royal Society},
     copyright = {Copyright © 1946 The Royal Society},
    }

@ARTICLE{strong2011,
   author = {{Strong}, A.~W. and {Orlando}, E. and {Jaffe}, T.~R.},
    title = "{The interstellar cosmic-ray electron spectrum from synchrotron radiation and direct measurements}",
  journal = {\aap},
archivePrefix = "arXiv",
   eprint = {1108.4822},
 primaryClass = "astro-ph.HE",
 keywords = {radio continuum: galaxies, ISM: magnetic fields, gamma rays: ISM, Galaxy: structure, cosmic rays},
     year = 2011,
    month = oct,
   volume = 534,
      eid = {A54},
    pages = {A54},
      doi = {10.1051/0004-6361/201116828},
   adsurl = {http://adsabs.harvard.edu/abs/2011A%26A...534A..54S},
  adsnote = {Provided by the SAO/NASA Astrophysics Data System}
}


@ARTICLE{kogut1996,
   author = {{Kogut}, A. and {Banday}, A.~J. and {Bennett}, C.~L. and {Gorski}, K.~M. and 
	{Hinshaw}, G. and {Smoot}, G.~F. and {Wright}, E.~I.},
    title = "{Microwave Emission at High Galactic Latitudes in the Four-Year DMR Sky Maps}",
  journal = {\apjl},
   eprint = {astro-ph/9601060},
 keywords = {COSMOLOGY: COSMIC MICROWAVE BACKGROUND, COSMOLOGY: OBSERVATIONS, GALAXY: GENERAL, ISM: GENERAL},
     year = 1996,
    month = jun,
   volume = 464,
    pages = {L5},
      doi = {10.1086/310072},
   adsurl = {http://adsabs.harvard.edu/abs/1996ApJ...464L...5K},
  adsnote = {Provided by the SAO/NASA Astrophysics Data System}
}

@ARTICLE{kogut:2012,
       author = {{Kogut}, A.},
        title = "{Synchrotron Spectral Curvature from 22 MHz to 23 GHz}",
      journal = {\apj},
     keywords = {radiation mechanisms: non-thermal, radio continuum: general, Astrophysics - Astrophysics of Galaxies},
         year = "2012",
        month = "Jul",
       volume = {753},
       number = {2},
          eid = {110},
        pages = {110},
          doi = {10.1088/0004-637X/753/2/110},
archivePrefix = {arXiv},
       eprint = {1205.4041},
 primaryClass = {astro-ph.GA},
       adsurl = {https://ui.adsabs.harvard.edu/abs/2012ApJ...753..110K},
      adsnote = {Provided by the SAO/NASA Astrophysics Data System}
}

@ARTICLE{beck:2013,
       author = {{Beck}, R. and {Anderson}, J. and {Heald}, G. and {Horneffer}, A. and
         {Iacobelli}, M. and {K{\"o}hler}, J. and {Mulcahy}, D. and {Pizzo}, R. and
         {Scaife}, A. and {Wucknitz}, O.},
        title = "{The LOFAR view of cosmic magnetism}",
      journal = {Astronomische Nachrichten},
     keywords = {early universe, galaxies: magnetic fields, techniques: polarimetric, telescopes, ISM: magnetic fields, Astrophysics - Instrumentation and Methods for Astrophysics, 85-06},
         year = "2013",
        month = "Jun",
       volume = {334},
       number = {6},
        pages = {548-557},
          doi = {10.1002/asna.201311894},
archivePrefix = {arXiv},
       eprint = {1302.0889},
 primaryClass = {astro-ph.IM},
       adsurl = {https://ui.adsabs.harvard.edu/abs/2013AN....334..548B},
      adsnote = {Provided by the SAO/NASA Astrophysics Data System}
}


@ARTICLE{oliveira-costa1997,
   author = {{de Oliveira-Costa}, A. and {Kogut}, A. and {Devlin}, M.~J. and 
	{Netterfield}, C.~B. and {Page}, L.~A. and {Wollack}, E.~J.},
    title = "{Galactic Microwave Emission at Degree Angular Scales}",
  journal = {\apjl},
   eprint = {astro-ph/9702172},
 keywords = {METHODS: DATA ANALYSIS, COSMOLOGY: COSMIC MICROWAVE BACKGROUND, Methods: Data Analysis, Cosmology: Cosmic Microwave Background},
     year = 1997,
    month = jun,
   volume = 482,
    pages = {L17-L20},
      doi = {10.1086/310684},
   adsurl = {http://adsabs.harvard.edu/abs/1997ApJ...482L..17D},
  adsnote = {Provided by the SAO/NASA Astrophysics Data System}
}

@ARTICLE{netterfield1997,
   author = {{Netterfield}, C.~B. and {Devlin}, M.~J. and {Jarosik}, N. and 
	{Page}, L. and {Wollack}, E.~J.},
    title = "{A Measurement of the Angular Power Spectrum of the Anisotropy in the Cosmic Microwave Background}",
  journal = {\apj},
   eprint = {astro-ph/9601197},
 keywords = {Cosmology: Cosmic Microwave Background, Cosmology: Observations},
     year = 1997,
    month = jan,
   volume = 474,
    pages = {47-66},
   adsurl = {http://adsabs.harvard.edu/abs/1997ApJ...474...47N},
  adsnote = {Provided by the SAO/NASA Astrophysics Data System}
}

@ARTICLE{hu1997,
   author = {{Hu}, W. and {White}, M.},
    title = "{A CMB polarization primer}",
  journal = {\na},
   eprint = {astro-ph/9706147},
     year = 1997,
    month = oct,
   volume = 2,
    pages = {323-344},
      doi = {10.1016/S1384-1076(97)00022-5},
   adsurl = {http://adsabs.harvard.edu/abs/1997NewA....2..323H},
  adsnote = {Provided by the SAO/NASA Astrophysics Data System}
}

@ARTICLE{hauser1998,
   author = {{Hauser}, M.~G. and {Arendt}, R.~G. and {Kelsall}, T. and {Dwek}, E. and 
	{Odegard}, N. and {Weiland}, J.~L. and {Freudenreich}, H.~T. and 
	{Reach}, W.~T. and {Silverberg}, R.~F. and {Moseley}, S.~H. and 
	{Pei}, Y.~C. and {Lubin}, P. and {Mather}, J.~C. and {Shafer}, R.~A. and 
	{Smoot}, G.~F. and {Weiss}, R. and {Wilkinson}, D.~T. and {Wright}, E.~L.
	},
    title = "{The COBE Diffuse Infrared Background Experiment Search for the Cosmic Infrared Background. I. Limits and Detections}",
  journal = {\apj},
   eprint = {astro-ph/9806167},
 keywords = {COSMOLOGY: OBSERVATIONS, COSMOLOGY: DIFFUSE RADIATION, INFRARED: GENERAL, Cosmology: Observations, Cosmology: Diffuse Radiation, Infrared: General},
     year = 1998,
    month = nov,
   volume = 508,
    pages = {25-43},
      doi = {10.1086/306379},
   adsurl = {http://adsabs.harvard.edu/abs/1998ApJ...508...25H},
  adsnote = {Provided by the SAO/NASA Astrophysics Data System}
}

@ARTICLE{draine1999,
   author = {{Draine}, B.~T. and {Lazarian}, A.},
    title = "{Magnetic Dipole Microwave Emission from Dust Grains}",
  journal = {\apj},
   eprint = {astro-ph/9807009},
 keywords = {ISM: DUST, EXTINCTION, ISM: ABUNDANCES, RADIATION MECHANISMS: THERMAL, RADIO CONTINUUM: ISM, ISM: Dust, Extinction, ISM: Abundances, Radiation Mechanisms: Thermal, radio continuum: ISM},
     year = 1999,
    month = feb,
   volume = 512,
    pages = {740-754},
      doi = {10.1086/306809},
   adsurl = {http://adsabs.harvard.edu/abs/1999ApJ...512..740D},
  adsnote = {Provided by the SAO/NASA Astrophysics Data System}
}

@ARTICLE{2012MNRAS.420.2162F,
   author = {{Fern{\'a}ndez-Cobos}, R. and {Vielva}, P. and {Barreiro}, R.~B. and 
	{Mart{\'{\i}}nez-Gonz{\'a}lez}, E.},
    title = "{Multiresolution internal template cleaning: an application to the Wilkinson Microwave Anisotropy Probe 7-yr polarization data}",
  journal = {\mnras},
archivePrefix = "arXiv",
   eprint = {1106.2016},
 primaryClass = "astro-ph.CO",
 keywords = {methods: data analysis, cosmic background radiation},
     year = 2012,
    month = mar,
   volume = 420,
    pages = {2162-2169},
      doi = {10.1111/j.1365-2966.2011.20182.x},
   adsurl = {http://adsabs.harvard.edu/abs/2012MNRAS.420.2162F},
  adsnote = {Provided by the SAO/NASA Astrophysics Data System}
}



@inproceedings{LVAICA2017,
  title =	 {On Extracting the Cosmic Microwave Background from Multi-channel Measurements},
  author =	 {Cardoso, Jean-Fran{\c{c}}ois},
  booktitle =	 {International Conference on Latent Variable Analysis and Signal Separation},
  pages =	 {403--413},
  year =	 2017,
  publisher =	 "Springer International Publishing",
  organization = {Springer},
  isbn =	 "978-3-319-53547-0"
}


@ARTICLE{penzias:1965,
   author = {{Penzias}, A.~A. and {Wilson}, R.~W.},
    title = "{A Measurement of Excess Antenna Temperature at 4080 Mc/s.}",
  journal = {\apj},
 keywords = {Microwave Background, Cosmic Background Radiation},
     year = 1965,
    month = jul,
   volume = 142,
    pages = {419-421},
      doi = {10.1086/148307},
   adsurl = {https://ui.adsabs.harvard.edu/abs/1965ApJ...142..419P},
  adsnote = {Provided by the SAO/NASA Astrophysics Data System}
}

@article{wang:2003,
  title = {Last stand before WMAP: Cosmological parameters from lensing, CMB, and galaxy clustering},
  author = {Wang, Xiaomin and Tegmark, Max and Jain, Bhuvnesh and Zaldarriaga, Matias},
  journal = {Phys. Rev. D},
  volume = {68},
  issue = {12},
  pages = {123001},
  numpages = {12},
  year = {2003},
  month = {Dec},
  publisher = {American Physical Society},
  doi = {10.1103/PhysRevD.68.123001},
  url = {https://link.aps.org/doi/10.1103/PhysRevD.68.123001}
}

@ARTICLE{bicep2018,
   author = {{BICEP2 Collaboration} and {Keck Array Collaboration} and {Ade}, P.~A.~R. and 
	{Ahmed}, Z. and {Aikin}, R.~W. and {Alexander}, K.~D. and {Barkats}, D. and 
	{Benton}, S.~J. and {Bischoff}, C.~A. and {Bock}, J.~J. and 
	{Bowens-Rubin}, R. and {Brevik}, J.~A. and {Buder}, I. and {Bullock}, E. and 
	{Buza}, V. and {Connors}, J. and {Cornelison}, J. and {Crill}, B.~P. and 
	{Crumrine}, M. and {Dierickx}, M. and {Duband}, L. and {Dvorkin}, C. and 
	{Filippini}, J.~P. and {Fliescher}, S. and {Grayson}, J. and 
	{Hall}, G. and {Halpern}, M. and {Harrison}, S. and {Hildebrandt}, S.~R. and 
	{Hilton}, G.~C. and {Hui}, H. and {Irwin}, K.~D. and {Kang}, J. and 
	{Karkare}, K.~S. and {Karpel}, E. and {Kaufman}, J.~P. and {Keating}, B.~G. and 
	{Kefeli}, S. and {Kernasovskiy}, S.~A. and {Kovac}, J.~M. and 
	{Kuo}, C.~L. and {Larsen}, N.~A. and {Lau}, K. and {Leitch}, E.~M. and 
	{Lueker}, M. and {Megerian}, K.~G. and {Moncelsi}, L. and {Namikawa}, T. and 
	{Netterfield}, C.~B. and {Nguyen}, H.~T. and {O'Brient}, R. and 
	{Ogburn}, R.~W. and {Palladino}, S. and {Pryke}, C. and {Racine}, B. and 
	{Richter}, S. and {Schillaci}, A. and {Schwarz}, R. and {Sheehy}, C.~D. and 
	{Soliman}, A. and {St.~Germaine}, T. and {Staniszewski}, Z.~K. and 
	{Steinbach}, B. and {Sudiwala}, R.~V. and {Teply}, G.~P. and 
	{Thompson}, K.~L. and {Tolan}, J.~E. and {Tucker}, C. and {Turner}, A.~D. and 
	{Umilt{\`a}}, C. and {Vieregg}, A.~G. and {Wandui}, A. and {Weber}, A.~C. and 
	{Wiebe}, D.~V. and {Willmert}, J. and {Wong}, C.~L. and {Wu}, W.~L.~K. and 
	{Yang}, H. and {Yoon}, K.~W. and {Zhang}, C.},
    title = "{Constraints on Primordial Gravitational Waves Using Planck, WMAP, and New BICEP2/Keck Observations through the 2015 Season}",
  journal = {Physical Review Letters},
archivePrefix = "arXiv",
   eprint = {1810.05216},
     year = 2018,
    month = nov,
   volume = 121,
   number = 22,
      eid = {221301},
    pages = {221301},
      doi = {10.1103/PhysRevLett.121.221301},
   adsurl = {https://ui.adsabs.harvard.edu/abs/2018PhRvL.121v1301B},
  adsnote = {Provided by the SAO/NASA Astrophysics Data System}
}

@ARTICLE{gunn:1965,
   author = {{Gunn}, J.~E. and {Peterson}, B.~A.},
    title = "{On the Density of Neutral Hydrogen in Intergalactic Space.}",
  journal = {\apj},
     year = 1965,
    month = nov,
   volume = 142,
    pages = {1633-1636},
      doi = {10.1086/148444},
   adsurl = {https://ui.adsabs.harvard.edu/abs/1965ApJ...142.1633G},
  adsnote = {Provided by the SAO/NASA Astrophysics Data System}
}

@ARTICLE{gorenstein:1981,
       author = {{Gorenstein}, M.~V. and {Smoot}, G.~F.},
        title = "{Large-angular-scale anisotropy in the cosmic background radiation}",
      journal = {\apj},
     keywords = {Background Radiation, Big Bang Cosmology, Cosmic Rays, Microwave Radiometers, Angular Distribution, Anisotropy, Astronomical Models, Data Acquisition, Data Reduction, Galactic Evolution, Microwave Antennas, Space Radiation},
         year = "1981",
        month = "Mar",
       volume = {244},
        pages = {361-381},
          doi = {10.1086/158714},
       adsurl = {https://ui.adsabs.harvard.edu/abs/1981ApJ...244..361G},
      adsnote = {Provided by the SAO/NASA Astrophysics Data System}
}

@ARTICLE{racine:2016,
       author = {{Racine}, B. and {Jewell}, J.~B. and {Eriksen}, H.~K. and {Wehus}, I.~K.},
        title = "{Cosmological Parameters from CMB Maps without Likelihood Approximation}",
      journal = {\apj},
     keywords = {cosmic background radiation, cosmological parameters, cosmology: observations, methods: numerical, Astrophysics - Cosmology and Nongalactic Astrophysics},
         year = "2016",
        month = "Mar",
       volume = {820},
       number = {1},
          eid = {31},
        pages = {31},
          doi = {10.3847/0004-637X/820/1/31},
archivePrefix = {arXiv},
       eprint = {1512.06619},
 primaryClass = {astro-ph.CO},
       adsurl = {https://ui.adsabs.harvard.edu/abs/2016ApJ...820...31R},
      adsnote = {Provided by the SAO/NASA Astrophysics Data System}
}

@ARTICLE{eriksen:2004,
       author = {{Eriksen}, H.~K. and {O'Dwyer}, I.~J. and {Jewell}, J.~B. and {Wand
        elt}, B.~D. and {Larson}, D.~L. and {G{\'o}rski}, K.~M. and {Levin}, S. and
         {Banday}, A.~J. and {Lilje}, P.~B.},
        title = "{Power Spectrum Estimation from High-Resolution Maps by Gibbs Sampling}",
      journal = {\apjs},
     keywords = {Cosmology: Cosmic Microwave Background, Cosmology: Observations, Methods: Numerical, Astrophysics},
         year = "2004",
        month = "Dec",
       volume = {155},
       number = {2},
        pages = {227-241},
          doi = {10.1086/425219},
archivePrefix = {arXiv},
       eprint = {astro-ph/0407028},
 primaryClass = {astro-ph},
       adsurl = {https://ui.adsabs.harvard.edu/abs/2004ApJS..155..227E},
      adsnote = {Provided by the SAO/NASA Astrophysics Data System}
}

@ARTICLE{seljak:1996,
       author = {{Seljak}, Uros and {Zaldarriaga}, Matias},
        title = "{A Line-of-Sight Integration Approach to Cosmic Microwave Background Anisotropies}",
      journal = {\apj},
     keywords = {COSMOLOGY: COSMIC MICROWAVE BACKGROUND, COSMOLOGY: THEORY, METHODS: NUMERICAL, Astrophysics},
         year = "1996",
        month = "Oct",
       volume = {469},
        pages = {437},
          doi = {10.1086/177793},
archivePrefix = {arXiv},
       eprint = {astro-ph/9603033},
 primaryClass = {astro-ph},
       adsurl = {https://ui.adsabs.harvard.edu/abs/1996ApJ...469..437S},
      adsnote = {Provided by the SAO/NASA Astrophysics Data System}
}

@article{Lewis:1999bs,
      author         = "Lewis, Antony and Challinor, Anthony and Lasenby,
                        Anthony",
      title          = "{Efficient computation of CMB anisotropies in closed FRW
                        models}",
      journal        = "\apj",
      volume         = "538",
      year           = "2000",
      pages          = "473-476",
      doi            = "10.1086/309179",
      eprint         = "astro-ph/9911177",
      archivePrefix  = "arXiv",
      primaryClass   = "astro-ph",
      SLACcitation   = "%%CITATION = ASTRO-PH/9911177;%%"
}

@ARTICLE{dickinson:2003,
       author = {{Dickinson}, C. and {Davies}, R.~D. and {Davis}, R.~J.},
        title = "{Towards a free-free template for CMB foregrounds}",
      journal = {\mnras},
     keywords = {radiation mechanisms: thermal, dust, extinction, HII regions, cosmic microwave background, radio continuum: ISM, Astrophysics},
         year = "2003",
        month = "May",
       volume = {341},
       number = {2},
        pages = {369-384},
          doi = {10.1046/j.1365-8711.2003.06439.x},
archivePrefix = {arXiv},
       eprint = {astro-ph/0302024},
 primaryClass = {astro-ph},
       adsurl = {https://ui.adsabs.harvard.edu/abs/2003MNRAS.341..369D},
      adsnote = {Provided by the SAO/NASA Astrophysics Data System}
}

@ARTICLE{draine:2011,
       author = {{Draine}, B.~T.},
        title = "{On Radiation Pressure in Static, Dusty H II Regions}",
      journal = {\apj},
     keywords = {dust, extinction, H II regions, infrared: ISM, ISM: bubbles, ISM: structure, radio continuum: ISM, Astrophysics - Astrophysics of Galaxies, Astrophysics - Solar and Stellar Astrophysics},
         year = "2011",
        month = "May",
       volume = {732},
       number = {2},
          eid = {100},
        pages = {100},
          doi = {10.1088/0004-637X/732/2/100},
archivePrefix = {arXiv},
       eprint = {1003.0474},
 primaryClass = {astro-ph.GA},
       adsurl = {https://ui.adsabs.harvard.edu/abs/2011ApJ...732..100D},
      adsnote = {Provided by the SAO/NASA Astrophysics Data System}
}

@ARTICLE{erickson:1957,
   author = {{Erickson}, W.~C.},
    title = "{A Mechanism of Non-Thermal Radio-Noise Origin.}",
  journal = {\apj},
     year = 1957,
    month = nov,
   volume = 126,
    pages = {480},
      doi = {10.1086/146421},
   adsurl = {https://ui.adsabs.harvard.edu/abs/1957ApJ...126..480E},
  adsnote = {Provided by the SAO/NASA Astrophysics Data System}
}

@ARTICLE{draine:1998,
   author = {{Draine}, B.~T. and {Lazarian}, A.},
    title = "{Diffuse Galactic Emission from Spinning Dust Grains}",
  journal = {\apjl},
   eprint = {astro-ph/9710152},
 keywords = {MOLECULAR PROCESSES, ISM: DUST, EXTINCTION, COSMOLOGY: COSMIC MICROWAVE BACKGROUND, RADIATION MECHANISMS: THERMAL, RADIO CONTINUUM: ISM, Cosmology: Cosmic Microwave Background, ISM: Dust, Extinction, Molecular Processes, Radiation Mechanisms: Thermal, Radio Continuum: ISM},
     year = 1998,
    month = feb,
   volume = 494,
    pages = {L19-L22},
      doi = {10.1086/311167},
   adsurl = {https://ui.adsabs.harvard.edu/abs/1998ApJ...494L..19D},
  adsnote = {Provided by the SAO/NASA Astrophysics Data System}
}

@ARTICLE{leitch:1997,
   author = {{Leitch}, E.~M. and {Readhead}, A.~C.~S. and {Pearson}, T.~J. and 
	{Myers}, S.~T.},
    title = "{An Anomalous Component of Galactic Emission}",
  journal = {\apjl},
   eprint = {astro-ph/9705241},
 keywords = {COSMOLOGY: COSMIC MICROWAVE BACKGROUND, ISM: DUST, EXTINCTION, ISM: H II REGIONS, ISM: SUPERNOVA REMNANTS, Cosmology: Cosmic Microwave Background, ISM: Dust, Extinction, ISM: H II Regions, ISM: Supernova Remnants},
     year = 1997,
    month = sep,
   volume = 486,
    pages = {L23-L26},
      doi = {10.1086/310823},
   adsurl = {https://ui.adsabs.harvard.edu/abs/1997ApJ...486L..23L},
  adsnote = {Provided by the SAO/NASA Astrophysics Data System}
}

@ARTICLE{ali-haimoud:2009,
       author = {{Ali-Ha{\"\i}moud}, Yacine and {Hirata}, Christopher M. and
         {Dickinson}, Clive},
        title = "{A refined model for spinning dust radiation}",
      journal = {\mnras},
     keywords = {radiation mechanisms: non-thermal, dust, extinction, radio continuum: ISM, Astrophysics},
         year = "2009",
        month = "May",
       volume = {395},
       number = {2},
        pages = {1055-1078},
          doi = {10.1111/j.1365-2966.2009.14599.x},
archivePrefix = {arXiv},
       eprint = {0812.2904},
 primaryClass = {astro-ph},
       adsurl = {https://ui.adsabs.harvard.edu/abs/2009MNRAS.395.1055A},
      adsnote = {Provided by the SAO/NASA Astrophysics Data System}
}



@MISC{ali-haimoud:2010,
       author = {{Ali-Haimoud}, Yacine},
        title = "{SpDust/SpDust.2: Code to Calculate Spinning Dust Spectra}",
     keywords = {Software},
         year = "2010",
        month = "Oct",
          eid = {ascl:1010.016},
        pages = {ascl:1010.016},
archivePrefix = {ascl},
       eprint = {1010.016},
       adsurl = {https://ui.adsabs.harvard.edu/abs/2010ascl.soft10016A},
      adsnote = {Provided by the SAO/NASA Astrophysics Data System}
}

@ARTICLE{silsbee:2011,
       author = {{Silsbee}, Kedron and {Ali-Ha{\"\i}moud}, Yacine and
         {Hirata}, Christopher M.},
        title = "{Spinning dust emission: the effect of rotation around a non-principal axis}",
      journal = {\mnras},
     keywords = {radiation mechanisms: non-thermal, dust, extinction, radio continuum: ISM, Astrophysics - Astrophysics of Galaxies},
         year = "2011",
        month = "Mar",
       volume = {411},
       number = {4},
        pages = {2750-2769},
          doi = {10.1111/j.1365-2966.2010.17882.x},
archivePrefix = {arXiv},
       eprint = {1003.4732},
 primaryClass = {astro-ph.GA},
       adsurl = {https://ui.adsabs.harvard.edu/abs/2011MNRAS.411.2750S},
      adsnote = {Provided by the SAO/NASA Astrophysics Data System}
}

@ARTICLE{szucs:2014,
   author = {{Sz{\H{u}}cs}, L{\'a}szl{\'o} and {Glover}, Simon C.~O. and
         {Klessen}, Ralf S.},
    title = "{The $^{12}$CO/$^{13}$CO ratio in turbulent molecular clouds}",
  journal = {\mnras},
archivePrefix = "arXiv",
   eprint = {1403.4912},
 keywords = {astrochemistry, hydrodynamics, radiative transfer, ISM: abundances, ISM: clouds, radio lines: ISM},
     year = 2014,
    month = dec,
   volume = 445,
    pages = {4055-4072},
      doi = {10.1093/mnras/stu2013},
   adsurl = {https://ui.adsabs.harvard.edu/abs/2014MNRAS.445.4055S},
  adsnote = {Provided by the SAO/NASA Astrophysics Data System}
}

@article{greaves:1999,
	doi = {10.1086/311888},
	url = {https://doi.org/10.1086%2F311888},
	year = 1999,
	month = {feb},
	publisher = {{IOP} Publishing},
	volume = {512},
	number = {2},
	pages = {L139--L142},
	author = {J. S. Greaves and W. S. Holland and P. Friberg and W. R. F. Dent},
	title = {Polarized {CO} Emission from Molecular Clouds},
	journal = {The Astrophysical Journal},
}

@ARTICLE{sunyaev:1972,
   author = {{Sunyaev}, R.~A. and {Zeldovich}, Y.~B.},
    title = "{The Observations of Relic Radiation as a Test of the Nature of X-Ray Radiation from the Clusters of Galaxies}",
  journal = {Comments on Astrophysics and Space Physics},
 keywords = {Cosmology, Microwave Background Radiation, Clusters of Galaxies, X-Ray Astronomy, Intergalactic Gas},
     year = 1972,
    month = nov,
   volume = 4,
    pages = {173},
   adsurl = {https://ui.adsabs.harvard.edu/abs/1972CoASP...4..173S},
  adsnote = {Provided by the SAO/NASA Astrophysics Data System}
}

@ARTICLE{wandelt:2001,
       author = {{Wandelt}, Benjamin D. and {G{\'o}rski}, Krzysztof M.},
        title = "{Fast convolution on the sphere}",
      journal = {\prd},
     keywords = {95.75.Pq, 98.70.Vc, 98.80.-k, Mathematical procedures and computer techniques, Background radiations, Cosmology, Astrophysics},
         year = "2001",
        month = "Jun",
       volume = {63},
       number = {12},
          eid = {123002},
        pages = {123002},
          doi = {10.1103/PhysRevD.63.123002},
archivePrefix = {arXiv},
       eprint = {astro-ph/0008227},
 primaryClass = {astro-ph},
       adsurl = {https://ui.adsabs.harvard.edu/abs/2001PhRvD..63l3002W},
      adsnote = {Provided by the SAO/NASA Astrophysics Data System}
}

@ARTICLE{metropolis:1953,
       author = {{Metropolis}, Nicholas and {Rosenbluth}, Arianna W. and
         {Rosenbluth}, Marshall N. and {Teller}, Augusta H. and {Teller}, Edward},
        title = "{Equation of State Calculations by Fast Computing Machines}",
      journal = {\jcp},
         year = "1953",
        month = "Jun",
       volume = {21},
       number = {6},
        pages = {1087-1092},
          doi = {10.1063/1.1699114},
       adsurl = {https://ui.adsabs.harvard.edu/abs/1953JChPh..21.1087M},
      adsnote = {Provided by the SAO/NASA Astrophysics Data System}
}

@article{hastings:1970,
    author = {Hastings, W. K.},
    title = "{Monte Carlo sampling methods using Markov chains and their applications}",
    journal = {Biometrika},
    volume = {57},
    number = {1},
    pages = {97-109},
    year = {1970},
    month = {04},
    abstract = "{A generalization of the sampling method introduced by Metropolis et al. (1953) is presented along with an exposition of the relevant theory, techniques of application and methods and difficulties of assessing the error in Monte Carlo estimates. Examples of the methods, including the generation of random orthogonal matrices and potential applications of the methods to numerical problems arising in statistics, are discussed.}",
    issn = {0006-3444},
    doi = {10.1093/biomet/57.1.97},
    url = {https://doi.org/10.1093/biomet/57.1.97},
    eprint = {http://oup.prod.sis.lan/biomet/article-pdf/57/1/97/23940249/57-1-97.pdf},
}

@article{geman:1984,
 author = {Geman, Stuart and Geman, Donald},
 title = {Stochastic Relaxation, Gibbs Distributions, and the Bayesian Restoration of Images},
 journal = {IEEE Trans. Pattern Anal. Mach. Intell.},
 issue_date = {November 1984},
 volume = {6},
 number = {6},
 month = nov,
 year = {1984},
 issn = {0162-8828},
 pages = {721--741},
 numpages = {21},
 url = {https://doi.org/10.1109/TPAMI.1984.4767596},
 doi = {10.1109/TPAMI.1984.4767596},
 acmid = {2286617},
 publisher = {IEEE Computer Society},
 address = {Washington, DC, USA},
 keywords = {Annealing, Gibbs distribution, MAP estimate, Markov random field, image restoration, line process, relaxation, scene modeling, spatial degradation},
} 


@ARTICLE{hauser:1998,
       author = {{Hauser}, M.~G. and {Arendt}, R.~G. and {Kelsall}, T. and {Dwek}, E. and
         {Odegard}, N. and {Weiland}, J.~L. and {Freudenreich}, H.~T. and
         {Reach}, W.~T. and {Silverberg}, R.~F. and {Moseley}, S.~H. and
         {Pei}, Y.~C. and {Lubin}, P. and {Mather}, J.~C. and {Shafer}, R.~A. and
         {Smoot}, G.~F. and {Weiss}, R. and {Wilkinson}, D.~T. and
         {Wright}, E.~L.},
        title = "{The COBE Diffuse Infrared Background Experiment Search for the Cosmic Infrared Background. I. Limits and Detections}",
      journal = {\apj},
     keywords = {COSMOLOGY: OBSERVATIONS, COSMOLOGY: DIFFUSE RADIATION, INFRARED: GENERAL, Cosmology: Observations, Cosmology: Diffuse Radiation, Infrared: General, Astrophysics},
         year = "1998",
        month = "Nov",
       volume = {508},
       number = {1},
        pages = {25-43},
          doi = {10.1086/306379},
archivePrefix = {arXiv},
       eprint = {astro-ph/9806167},
 primaryClass = {astro-ph},
       adsurl = {https://ui.adsabs.harvard.edu/abs/1998ApJ...508...25H},
      adsnote = {Provided by the SAO/NASA Astrophysics Data System}
}


@ARTICLE{tassis:2018,
       author = {{Tassis}, Konstantinos and {Ramaprakash}, Anamparambu N. and
         {Readhead}, Anthony C.~S. and {Potter}, Stephen B. and
         {Wehus}, Ingunn K. and {Panopoulou}, Georgia V. and {Blinov}, Dmitry and
         {Eriksen}, Hans Kristian and {Hensley}, Brandon and {Karakci}, Ata and
         {Kypriotakis}, John A. and {Maharana}, Siddharth and
         {Ntormousi}, Evangelia and {Pavlidou}, Vasiliki and
         {Pearson}, Timothy J. and {Skalidis}, Raphael},
        title = "{PASIPHAE: A high-Galactic-latitude, high-accuracy optopolarimetric survey}",
      journal = {arXiv e-prints},
     keywords = {Astrophysics - Instrumentation and Methods for Astrophysics},
         year = "2018",
        month = "Oct",
          eid = {arXiv:1810.05652},
        pages = {arXiv:1810.05652},
archivePrefix = {arXiv},
       eprint = {1810.05652},
 primaryClass = {astro-ph.IM},
       adsurl = {https://ui.adsabs.harvard.edu/abs/2018arXiv181005652T},
      adsnote = {Provided by the SAO/NASA Astrophysics Data System}
}


@ARTICLE{gualtieri:2018,
       author = {{Gualtieri}, R. and {Filippini}, J.~P. and {Ade}, P.~A.~R. and
         {Amiri}, M. and {Benton}, S.~J. and {Bergman}, A.~S. and {Bihary}, R. and
         {Bock}, J.~J. and {Bond}, J.~R. and {Bryan}, S.~A. and {Chiang}, H.~C. and
         {Contaldi}, C.~R. and {Dor{\'e}}, O. and {Duivenvoorden}, A.~J. and
         {Eriksen}, H.~K. and {Farhang}, M. and {Fissel}, L.~M. and
         {Fraisse}, A.~A. and {Freese}, K. and {Galloway}, M. and
         {Gambrel}, A.~E. and {Gandilo}, N.~N. and {Ganga}, K. and
         {Gramillano}, R.~V. and {Gudmundsson}, J.~E. and {Halpern}, M. and
         {Hartley}, J. and {Hasselfield}, M. and {Hilton}, G. and {Holmes}, W. and
         {Hristov}, V.~V. and {Huang}, Z. and {Irwin}, K.~D. and {Jones}, W.~C. and
         {Kuo}, C.~L. and {Kermish}, Z.~D. and {Li}, S. and {Mason}, P.~V. and
         {Megerian}, K. and {Moncelsi}, L. and {Morford}, T.~A. and
         {Nagy}, J.~M. and {Netterfield}, C.~B. and {Nolta}, M. and
         {Osherson}, B. and {Padilla}, I.~L. and {Racine}, B. and
         {Rahlin}, A.~S. and {Reintsema}, C. and {Ruhl}, J.~E. and
         {Runyan}, M.~C. and {Ruud}, T.~M. and {Shariff}, J.~A. and
         {Soler}, J.~D. and {Song}, X. and {Trangsrud}, A. and {Tucker}, C. and
         {Tucker}, R.~S. and {Turner}, A.~D. and {List}, J.~F. van der and
         {Weber}, A.~C. and {Wehus}, I.~K. and {Wiebe}, D.~V. and {Young}, E.~Y.},
        title = "{SPIDER: CMB Polarimetry from the Edge of Space}",
      journal = {Journal of Low Temperature Physics},
     keywords = {Cosmic microwave background, Inflation, Bolometers, Transition-edge sensors, Polarimetry, Astrophysics - Cosmology and Nongalactic Astrophysics, Astrophysics - Instrumentation and Methods for Astrophysics},
         year = "2018",
        month = "Dec",
       volume = {193},
       number = {5-6},
        pages = {1112-1121},
          doi = {10.1007/s10909-018-2078-x},
archivePrefix = {arXiv},
       eprint = {1711.10596},
 primaryClass = {astro-ph.CO},
       adsurl = {https://ui.adsabs.harvard.edu/abs/2018JLTP..193.1112G},
      adsnote = {Provided by the SAO/NASA Astrophysics Data System}
}

@ARTICLE{delouis:2019,
       author = {{Delouis}, J. -M. and {Pagano}, L. and {Mottet}, S. and {Puget}, J. -L. and
         {Vibert}, L.},
        title = "{SRoll2: an improved mapmaking approach to reduce large-scale systematic effects in the Planck High Frequency Instrument legacy maps}",
      journal = {\aap},
     keywords = {cosmology: observations, cosmic background radiation, surveys, methods: data analysis, Astrophysics - Cosmology and Nongalactic Astrophysics},
         year = "2019",
        month = "Sep",
       volume = {629},
          eid = {A38},
        pages = {A38},
          doi = {10.1051/0004-6361/201834882},
archivePrefix = {arXiv},
       eprint = {1901.11386},
 primaryClass = {astro-ph.CO},
       adsurl = {https://ui.adsabs.harvard.edu/abs/2019A&A...629A..38D},
      adsnote = {Provided by the SAO/NASA Astrophysics Data System}
}

@ARTICLE{pagano:2020,
       author = {{Pagano}, L. and {Delouis}, J. -M. and {Mottet}, S. and {Puget}, J. -L. and
         {Vibert}, L.},
        title = "{Reionization optical depth determination from Planck HFI data with ten percent accuracy}",
      journal = {\aap},
     keywords = {cosmic background radiation, dark ages, reionization, first stars, methods: data analysis, Astrophysics - Cosmology and Nongalactic Astrophysics},
         year = 2020,
        month = mar,
       volume = {635},
          eid = {A99},
        pages = {A99},
          doi = {10.1051/0004-6361/201936630},
archivePrefix = {arXiv},
       eprint = {1908.09856},
 primaryClass = {astro-ph.CO},
       adsurl = {https://ui.adsabs.harvard.edu/abs/2020A&A...635A..99P},
      adsnote = {Provided by the SAO/NASA Astrophysics Data System}
}

@ARTICLE{natale:2020,
       author = {{Natale}, U. and {Pagano}, L. and {Lattanzi}, M. and {Migliaccio}, M. and
         {Colombo}, L.~P. and {Gruppuso}, A. and {Natoli}, P. and {Polenta}, G.},
        title = "{A novel CMB polarization likelihood package for large angular scales built from combined WMAP and Planck LFI legacy maps}",
      journal = {arXiv e-prints},
     keywords = {Astrophysics - Cosmology and Nongalactic Astrophysics},
         year = 2020,
        month = may,
          eid = {arXiv:2005.05600},
        pages = {arXiv:2005.05600},
archivePrefix = {arXiv},
       eprint = {2005.05600},
 primaryClass = {astro-ph.CO},
       adsurl = {https://ui.adsabs.harvard.edu/abs/2020arXiv200505600N},
      adsnote = {Provided by the SAO/NASA Astrophysics Data System}
}

@ARTICLE{stivoli:2010,
       author = {{Stivoli}, F. and {Grain}, J. and {Leach}, S.~M. and {Tristram}, M. and
         {Baccigalupi}, C. and {Stompor}, R.},
        title = "{Maximum likelihood, parametric component separation and CMB B-mode detection in suborbital experiments}",
      journal = {\mnras},
     keywords = {cosmic background radiation, diffuse radiation, Astrophysics - Cosmology and Extragalactic Astrophysics},
         year = "2010",
        month = "Nov",
       volume = {408},
       number = {4},
        pages = {2319-2335},
          doi = {10.1111/j.1365-2966.2010.17281.x},
archivePrefix = {arXiv},
       eprint = {1004.4756},
 primaryClass = {astro-ph.CO},
       adsurl = {https://ui.adsabs.harvard.edu/abs/2010MNRAS.408.2319S},
      adsnote = {Provided by the SAO/NASA Astrophysics Data System}
}

@ARTICLE{stompor:2008,
       author = {{Stompor}, Radek and {Leach}, Samuel and {Stivoli}, Federico and
         {Baccigalupi}, Carlo},
        title = "{Maximum likelihood algorithm for parametric component separation in cosmic microwave background experiments}",
      journal = {\mnras},
     keywords = {methods: data analysis, cosmic microwave background, diffuse radiation, Astrophysics},
         year = "2009",
        month = "Jan",
       volume = {392},
       number = {1},
        pages = {216-232},
          doi = {10.1111/j.1365-2966.2008.14023.x},
archivePrefix = {arXiv},
       eprint = {0804.2645},
 primaryClass = {astro-ph},
       adsurl = {https://ui.adsabs.harvard.edu/abs/2009MNRAS.392..216S},
      adsnote = {Provided by the SAO/NASA Astrophysics Data System}
}

@ARTICLE{larson:2006,
       author = {{Larson}, D.~L. and {Eriksen}, H.~K. and {Wandelt}, B.~D. and
         {G{\'o}rski}, K.~M. and {Huey}, Greg and {Jewell}, J.~B. and
         {O'Dwyer}, I.~J.},
        title = "{Estimation of Polarized Power Spectra by Gibbs Sampling}",
      journal = {\apj},
     keywords = {Cosmology: Cosmic Microwave Background, Cosmology: Observations, Methods: Numerical, Astrophysics},
         year = "2007",
        month = "Feb",
       volume = {656},
       number = {2},
        pages = {653-660},
          doi = {10.1086/509802},
archivePrefix = {arXiv},
       eprint = {astro-ph/0608007},
 primaryClass = {astro-ph},
       adsurl = {https://ui.adsabs.harvard.edu/abs/2007ApJ...656..653L},
      adsnote = {Provided by the SAO/NASA Astrophysics Data System}
}


@ARTICLE{rudjord:2009,
       author = {{Rudjord}, {\O}. and {Groeneboom}, N.~E. and {Eriksen}, H.~K. and
         {Huey}, Greg and {G{\'o}rski}, K.~M. and {Jewell}, J.~B.},
        title = "{Cosmic Microwave Background Likelihood Approximation by a Gaussianized Blackwell-Rao Estimator}",
      journal = {\apj},
     keywords = {cosmic microwave background, cosmology: observations, methods: statistical, Astrophysics},
         year = "2009",
        month = "Feb",
       volume = {692},
       number = {2},
        pages = {1669-1677},
          doi = {10.1088/0004-637X/692/2/1669},
archivePrefix = {arXiv},
       eprint = {0809.4624},
 primaryClass = {astro-ph},
       adsurl = {https://ui.adsabs.harvard.edu/abs/2009ApJ...692.1669R},
      adsnote = {Provided by the SAO/NASA Astrophysics Data System}
}


@ARTICLE{jewell:2009,
       author = {{Jewell}, J.~B. and {Eriksen}, H.~K. and {Wandelt}, B.~D. and
         {O'Dwyer}, I.~J. and {Huey}, Greg and {G{\'o}rski}, K.~M.},
        title = "{A Markov Chain Monte Carlo Algorithm for Analysis of Low Signal-To-Noise Cosmic Microwave Background Data}",
      journal = {\apj},
     keywords = {cosmic microwave background, cosmology: observations, methods: numerical, Astrophysics, Physics - Data Analysis, Statistics and Probability},
         year = "2009",
        month = "May",
       volume = {697},
       number = {1},
        pages = {258-268},
          doi = {10.1088/0004-637X/697/1/258},
archivePrefix = {arXiv},
       eprint = {0807.0624},
 primaryClass = {astro-ph},
       adsurl = {https://ui.adsabs.harvard.edu/abs/2009ApJ...697..258J},
      adsnote = {Provided by the SAO/NASA Astrophysics Data System}
}

@Article{FFTW05,
  author = 	 {Frigo, Matteo and Johnson, Steven~G.},
  title = 	 {The Design and Implementation of {FFTW3}},
  journal = 	 {Proceedings of the IEEE},
  year = 	 2005,
  volume =	 93,
  number =	 2,
  pages =	 {216--231},
  note =	 {Special issue on ``Program Generation, Optimization, and Platform Adaptation''}
}

@ARTICLE{lineweaver1996,
   author = {{Lineweaver}, C.~H. and {Tenorio}, L. and {Smoot}, G.~F. and 
	{Keegstra}, P. and {Banday}, A.~J. and {Lubin}, P.},
    title = "{The Dipole Observed in the COBE DMR 4 Year Data}",
  journal = {\apj},
   eprint = {astro-ph/9601151},
 keywords = {COSMOLOGY: COSMIC MICROWAVE BACKGROUND, COSMOLOGY: OBSERVATIONS},
     year = 1996,
    month = oct,
   volume = 470,
    pages = {38},
      doi = {10.1086/177846},
   adsurl = {http://adsabs.harvard.edu/abs/1996ApJ...470...38L},
  adsnote = {Provided by the SAO/NASA Astrophysics Data System}
}

@ARTICLE{jew2019,
    author = {Jew, Luke and Taylor, Angela C and Jones, Michael E and Barr, A and Chiang, H C and Dickinson, C and Grumitt, R D P and Harper, S E and Heilgendorff, H M and Hill-Valler, J and Jonas, J L and Leahy, J P and Leech, J and Pearson, T J and Peel, M W and Readhead, A C S and Sievers, J},
    title = "{The C-Band All-Sky Survey (C-BASS): Simulated parametric fitting in single pixels in total intensity and polarization}",
    journal = {Monthly Notices of the Royal Astronomical Society},
    volume = {490},
    number = {2},
    pages = {2958-2975},
    year = {2019},
    month = {10},
    abstract = "{The cosmic microwave background (CMB) B-mode signal is potentially weaker than the diffuse Galactic foregrounds over most of the sky at any frequency. A common method of separating the CMB from these foregrounds is via pixel-based parametric-model fitting. There are not currently enough all-sky maps to fit anything more than the most simple models of the sky. By simulating the emission in seven representative pixels, we demonstrate that the inclusion of a 5 GHz data point allows for more complex models of low-frequency foregrounds to be fitted than at present. It is shown that the inclusion of the C-BASS data will significantly reduce the uncertainties in a number of key parameters in the modelling of both the galactic foregrounds and the CMB. The extra data allow estimates of the synchrotron spectral index to be constrained much more strongly than is presently possible, with corresponding improvements in the accuracy of the recovery of the CMB amplitude. However, we show that to place good limits on models of the synchrotron spectral curvature will require additional low-frequency data.}",
    issn = {0035-8711},
    doi = {10.1093/mnras/stz2697},
    url = {https://doi.org/10.1093/mnras/stz2697},
    eprint = {http://oup.prod.sis.lan/mnras/article-pdf/490/2/2958/30321748/stz2697.pdf},
}

%% AME Citations
%---------------

@ARTICLE{Planck2018xii,
       author = {{Planck Collaboration}},
        title = "{Planck 2018 results. XII. Galactic astrophysics using polarized dust emission}",
      journal = {arXiv e-prints},
     keywords = {Astrophysics - Astrophysics of Galaxies},
         year = "2018",
        month = "Jul",
          eid = {arXiv:1807.06212},
        pages = {arXiv:1807.06212},
archivePrefix = {arXiv},
       eprint = {1807.06212},
 primaryClass = {astro-ph.GA},
       adsurl = {https://ui.adsabs.harvard.edu/abs/2018arXiv180706212P},
      adsnote = {Provided by the SAO/NASA Astrophysics Data System}
}


@article{draine1998_2,
	doi = {10.1086/306387},
	url = {https://doi.org/10.1086%2F306387},
	year = 1998,
	month = {nov},
	publisher = {{IOP} Publishing},
	volume = {508},
	number = {1},
	pages = {157--179},
	author = {B.~T. Draine and A. Lazarian},
	title = {Electric Dipole Radiation from Spinning Dust Grains},
	journal = {The Astrophysical Journal}
}

@article{draine2016,
	doi = {10.3847/0004-637x/831/1/59},
	url = {https://doi.org/10.3847%2F0004-637x%2F831%2F1%2F59},
	year = 2016,
	month = {oct},
	publisher = {American Astronomical Society},
	volume = {831},
	number = {1},
	pages = {59},
	author = {B. T. Draine and Brandon S. Hensley},
	title = {{QUANTUM} {SUPPRESSION} {OF} {ALIGNMENT} {IN} {ULTRASMALL} {GRAINS}: {MICROWAVE} {EMISSION} {FROM} {SPINNING} {DUST} {WILL} {BE} {NEGLIGIBLY} {POLARIZED}},
	journal = {The Astrophysical Journal}
}

@article{hoang2010,
	doi = {10.1088/0004-637x/715/2/1462},
	url = {https://doi.org/10.1088%2F0004-637x%2F715%2F2%2F1462},
	year = 2010,
	month = {may},
	publisher = {{IOP} Publishing},
	volume = {715},
	number = {2},
	pages = {1462--1485},
	author = {Thiem Hoang and B. T. Draine and A. Lazarian},
	title = {{IMPROVING} {THE} {MODEL} {OF} {EMISSION} {FROM} {SPINNING} {DUST}: {EFFECTS} {OF} {GRAIN} {WOBBLING} {AND} {TRANSIENT} {SPIN}-{UP}},
	journal = {The Astrophysical Journal}
}

@article{hoang2016,
	doi = {10.3847/0004-637x/824/1/18},
	url = {https://doi.org/10.3847%2F0004-637x%2F824%2F1%2F18},
	year = 2016,
	month = {jun},
	publisher = {American Astronomical Society},
	volume = {824},
	number = {1},
	pages = {18},
	author = {Thiem Hoang and Nguyen-Anh Vinh and Nguyen Quynh Lan},
	title = {{SPINNING} {DUST} {EMISSION} {FROM} {ULTRA}-{SMALL} {SILICATES}: {EMISSIVITY} {AND} {POLARIZATION} {SPECTRUM}},
	journal = {The Astrophysical Journal}
}

@article{QUIJOTE_II_2016,
    author = {Génova-Santos, R. and Rubiño-Martín, J. A. and Peláez-Santos, A. and Poidevin, F. and Rebolo, R. and Vignaga, R. and Artal, E. and Harper, S. and Hoyland, R. and Lasenby, A. and Martínez-González, E. and Piccirillo, L. and Tramonte, D. and Watson, R. A.},
    title = "{QUIJOTE scientific results – II. Polarisation measurements of the microwave emission in the Galactic molecular complexes W43 and W47 and supernova remnant W44}",
    journal = {Monthly Notices of the Royal Astronomical Society},
    volume = {464},
    number = {4},
    pages = {4107-4132},
    year = {2016},
    month = {10},
    issn = {0035-8711},
    doi = {10.1093/mnras/stw2503},
    url = {https://doi.org/10.1093/mnras/stw2503},
    eprint = {http://oup.prod.sis.lan/mnras/article-pdf/464/4/4107/8312033/stw2503.pdf},
}

@ARTICLE{QUIJOTE_III,
       author = {{Poidevin}, F. and {Rubi{\~n}o-Mart{\'\i}n}, J.~A. and {Dickinson}, C. and
         {G{\'e}nova-Santos}, R. and {Harper}, S. and {Rebolo}, R. and
         {Casaponsa}, B. and {Pel{\'a}ez-Santos}, A. and {Vignaga}, R. and
         {Guidi}, F. and {Ruiz-Granados}, B. and {Tramonte}, D. and
         {Vansyngel}, F. and {Ashdown}, M. and {Herranz}, D. and {Hoyland}, R. and
         {Lasenby}, A. and {Mart{\'\i}nez-Gonz{\'a}lez}, E. and
         {Piccirillo}, L. and {Watson}, R.~A.},
        title = "{QUIJOTE scientific results - III. Microwave spectrum of intensity and polarization in the Taurus Molecular Cloud complex and L1527}",
      journal = {\mnras},
     keywords = {radiation mechanisms: general, ISM: individual object: Taurus Molecular Cloud, L1527, diffuse radiation, radio continuum: ISM, Astrophysics - Astrophysics of Galaxies},
         year = "2019",
        month = "Jun",
       volume = {486},
       number = {1},
        pages = {462-485},
          doi = {10.1093/mnras/sty3462},
archivePrefix = {arXiv},
       eprint = {1812.08274},
 primaryClass = {astro-ph.GA},
       adsurl = {https://ui.adsabs.harvard.edu/abs/2019MNRAS.486..462P},
      adsnote = {Provided by the SAO/NASA Astrophysics Data System}
}

@ARTICLE{AME_state,
       author = {{Dickinson}, Clive and {Ali-Ha{\"\i}moud}, Y. and {Barr}, A. and
         {Battistelli}, E.~S. and {Bell}, A. and {Bernstein}, L. and
         {Casassus}, S. and {Cleary}, K. and {Draine}, B.~T. and
         {G{\'e}nova-Santos}, R. and {Harper}, S.~E. and {Hensley}, B. and
         {Hill-Valler}, J. and {Hoang}, Thiem and {Israel}, F.~P. and {Jew}, L. and
         {Lazarian}, A. and {Leahy}, J.~P. and {Leech}, J. and
         {L{\'o}pez-Caraballo}, C.~H. and {McDonald}, I. and {Murphy}, E.~J. and
         {Onaka}, T. and {Paladini}, R. and {Peel}, M.~W. and {Perrott}, Y. and
         {Poidevin}, F. and {Readhead}, A.~C.~S. and
         {Rubi{\~n}o-Mart{\'\i}n}, J. -A. and {Taylor}, A.~C. and
         {Tibbs}, C.~T. and {Todorovi{\'c}}, M. and {Vidal}, Matias},
        title = "{The State-of-Play of Anomalous Microwave Emission (AME) research}",
      journal = {\nar},
     keywords = {Radiation mechanisms, Spinning dust, Diffuse radiation, Radio continuum, Cosmic microwave background, Interstellar medium, Astrophysics - Astrophysics of Galaxies},
         year = "2018",
        month = "Feb",
       volume = {80},
        pages = {1-28},
          doi = {10.1016/j.newar.2018.02.001},
archivePrefix = {arXiv},
       eprint = {1802.08073},
 primaryClass = {astro-ph.GA},
       adsurl = {https://ui.adsabs.harvard.edu/abs/2018NewAR..80....1D},
      adsnote = {Provided by the SAO/NASA Astrophysics Data System}
}

@article{lazarian1999,
	doi = {10.1086/311986},
	url = {https://doi.org/10.1086%2F311986},
	year = 1999,
	month = {may},
	publisher = {{IOP} Publishing},
	volume = {516},
	number = {1},
	pages = {L37--L40},
	author = {A. Lazarian and B. T. Draine},
	title = {Thermal Flipping and Thermal Trapping: New Elements in Grain Dynamics},
	journal = {The Astrophysical Journal},
	abstract = {Since the classical work by Purcell (1979), it has been generally accepted that most interstellar grains rotate suprathermally. Suprathermally rotating grains would be nearly perfectly aligned with the magnetic field by paramagnetic dissipation if not for "crossovers," intervals of low angular velocity resulting from reversals of the torques responsible for suprathermal rotation. Lazarian & Draine (1997) identified thermal fluctuations within grain material as an important component of crossover dynamics. For a≳10−5 cm grains, these fluctuations ensure good correlation of angular momentum before and after crossover resulting in good alignment, in accord with observations of starlight polarization. We discuss two new processes that are important for the dynamics of a≲10−5 cm grains. "Thermal flipping" allows small grains to bypass the period of slow rotation that would otherwise occur during a crossover, thereby enhancing the alignment of small grains. "Thermal trapping" arises when thermal flipping becomes rapid enough to prevent the systematic torques from driving the grain to suprathermal rotation, thereby reducing the alignment of small grains. The observed variation of grain alignment with grain size results from a competition between thermal trapping—which suppresses suprathermal rotation of small grains—and torques due to H2 formation and starlight—which drive large grains to suprathermal rotation rates.}
}

@ARTICLE{battistelli2006,
       author = {{Battistelli}, E.~S. and {Rebolo}, R. and
         {Rubi{\~n}o-Mart{\'\i}n}, J.~A. and {Hildebrandt}, S.~R. and
         {Watson}, R.~A. and {Guti{\'e}rrez}, C. and {Hoyland}, R.~J.},
        title = "{Polarization Observations of the Anomalous Microwave Emission in the Perseus Molecular Complex with the COSMOSOMAS Experiment}",
      journal = {\apjl},
     keywords = {Cosmology: Diffuse Radiation, ISM: Dust, Extinction, ISM: Individual: Alphanumeric: G159.6-18.5, Polarization, Radio Continuum: ISM, Radiation Mechanisms: General, Astrophysics},
         year = "2006",
        month = "Jul",
       volume = {645},
       number = {2},
        pages = {L141-L144},
          doi = {10.1086/506254},
archivePrefix = {arXiv},
       eprint = {astro-ph/0603379},
 primaryClass = {astro-ph},
       adsurl = {https://ui.adsabs.harvard.edu/abs/2006ApJ...645L.141B},
      adsnote = {Provided by the SAO/NASA Astrophysics Data System}
}

@ARTICLE{alhaimoud2009,
       author = {{Ali-Ha{\"\i}moud}, Yacine and {Hirata}, Christopher M. and
         {Dickinson}, Clive},
        title = "{A refined model for spinning dust radiation}",
      journal = {\mnras},
     keywords = {radiation mechanisms: non-thermal, dust, extinction, radio continuum: ISM, Astrophysics},
         year = "2009",
        month = "May",
       volume = {395},
       number = {2},
        pages = {1055-1078},
          doi = {10.1111/j.1365-2966.2009.14599.x},
archivePrefix = {arXiv},
       eprint = {0812.2904},
 primaryClass = {astro-ph},
       adsurl = {https://ui.adsabs.harvard.edu/abs/2009MNRAS.395.1055A},
      adsnote = {Provided by the SAO/NASA Astrophysics Data System}
}

@ARTICLE{stevenson2014,
       author = {{Stevenson}, Matthew A.},
        title = "{Derivation of an Analytical Approximation of the Spectrum of Spinning Dust Emission}",
      journal = {\apj},
     keywords = {diffuse radiation, dust, extinction, radiation mechanisms: non-thermal, radio continuum: ISM, Astrophysics - Astrophysics of Galaxies},
         year = "2014",
        month = "Feb",
       volume = {781},
       number = {2},
          eid = {113},
        pages = {113},
          doi = {10.1088/0004-637X/781/2/113},
archivePrefix = {arXiv},
       eprint = {1401.0600},
 primaryClass = {astro-ph.GA},
       adsurl = {https://ui.adsabs.harvard.edu/abs/2014ApJ...781..113S},
      adsnote = {Provided by the SAO/NASA Astrophysics Data System}
}


@ARTICLE{datta2019,
       author = {{Datta}, Rahul and {Aiola}, Simone and {Choi}, Steve K. and
         {Devlin}, Mark and {Dunkley}, Joanna and {D{\"u}nner}, Rolando and
         {Gallardo}, Patricio A. and {Gralla}, Megan and {Halpern}, Mark and
         {Hasselfield}, Matthew and {Hilton}, Matt and {Hincks}, Adam D. and
         {Ho}, Shuay-Pwu P. and {Hubmayr}, Johannes and
         {Huffenberger}, Kevin M. and {Hughes}, John P. and {Kosowsky}, Arthur and
         {L{\'o}pez-Caraballo}, Carlos H. and {Louis}, Thibaut and
         {Lungu}, Marius and {Marriage}, Tobias and {Maurin}, Lo{\"\i}c and
         {McMahon}, Jeff and {Moodley}, Kavilan and {Naess}, Sigurd K. and
         {Nati}, Federico and {Niemack}, Michael D. and {Page}, Lyman A. and
         {Partridge}, Bruce and {Prince}, Heather and {Staggs}, Suzanne T. and
         {Switzer}, Eric R. and {Wollack}, Edward J. and {Farren}, Gerrit},
        title = "{The Atacama Cosmology Telescope: two-season ACTPol extragalactic point sources and their polarization properties}",
      journal = {\mnras},
     keywords = {polarization, techniques: polarimetric, catalogues, surveys, galaxies: active, cosmology: observations, Astrophysics - Cosmology and Nongalactic Astrophysics},
         year = 2019,
        month = jul,
       volume = {486},
       number = {4},
        pages = {5239-5262},
          doi = {10.1093/mnras/sty2934},
archivePrefix = {arXiv},
       eprint = {1811.01854},
 primaryClass = {astro-ph.CO},
       adsurl = {https://ui.adsabs.harvard.edu/abs/2019MNRAS.486.5239D},
      adsnote = {Provided by the SAO/NASA Astrophysics Data System}
}


@ARTICLE{sellentin2016,
       author = {{Sellentin}, Elena and {Heavens}, Alan F.},
        title = "{Parameter inference with estimated covariance matrices}",
      journal = {\mnras},
     keywords = {methods: data analysis, methods: statistical, cosmology: observations, Astrophysics - Cosmology and Nongalactic Astrophysics, Statistics - Methodology},
         year = 2016,
        month = feb,
       volume = {456},
       number = {1},
        pages = {L132-L136},
          doi = {10.1093/mnrasl/slv190},
archivePrefix = {arXiv},
       eprint = {1511.05969},
 primaryClass = {astro-ph.CO},
       adsurl = {https://ui.adsabs.harvard.edu/abs/2016MNRAS.456L.132S},
      adsnote = {Provided by the SAO/NASA Astrophysics Data System}
}

@ARTICLE{gjerlow2015,
       author = {{Gjerl{\o}w}, E. and {Colombo}, L.~P.~L. and {Eriksen}, H.~K. and
         {G{\'o}rski}, K.~M. and {Gruppuso}, A. and {Jewell}, J.~B. and
         {Plaszczynski}, S. and {Wehus}, I.~K.},
        title = "{Optimized Large-scale CMB Likelihood and Quadratic Maximum Likelihood Power Spectrum Estimation}",
      journal = {\apjs},
     keywords = {cosmic background radiation, cosmology: observations, methods: statistical, Astrophysics - Instrumentation and Methods for Astrophysics, Astrophysics - Cosmology and Nongalactic Astrophysics},
         year = 2015,
        month = nov,
       volume = {221},
       number = {1},
          eid = {5},
        pages = {5},
          doi = {10.1088/0067-0049/221/1/5},
archivePrefix = {arXiv},
       eprint = {1506.04273},
 primaryClass = {astro-ph.IM},
       adsurl = {https://ui.adsabs.harvard.edu/abs/2015ApJS..221....5G},
      adsnote = {Provided by the SAO/NASA Astrophysics Data System}
}

@ARTICLE{tegmark1997,
       author = {{Tegmark}, Max and {Taylor}, Andy N. and {Heavens}, Alan F.},
        title = "{Karhunen-Lo{\`e}ve Eigenvalue Problems in Cosmology: How Should We Tackle Large Data Sets?}",
      journal = {\apj},
     keywords = {Cosmology: Cosmic Microwave Background, Cosmology: Theory, Cosmology: Large-Scale Structure of Universe, Methods: Data Analysis, Methods: Statistical, Astrophysics},
         year = 1997,
        month = may,
       volume = {480},
       number = {1},
        pages = {22-35},
          doi = {10.1086/303939},
archivePrefix = {arXiv},
       eprint = {astro-ph/9603021},
 primaryClass = {astro-ph},
       adsurl = {https://ui.adsabs.harvard.edu/abs/1997ApJ...480...22T},
      adsnote = {Provided by the SAO/NASA Astrophysics Data System}
}

@article{gelman:1992,
    author = "Gelman, Andrew and Rubin, Donald B.",
    title = "{Inference from Iterative Simulation Using Multiple Sequences}",
    doi = "10.1214/ss/1177011136",
    journal = "Statist. Sci.",
    volume = "7",
    pages = "457--472",
    year = "1992"
}

@misc{shewchuk:1994,
author = {Shewchuk, Jonathan R},
title = {An Introduction to the Conjugate Gradient Method Without the Agonizing Pain},
year = {1994},
publisher = {Carnegie Mellon University},
address = {USA},
}

@ARTICLE{mather:1994,
   author = {{Mather}, J.~C. and {Cheng}, E.~S. and {Cottingham}, D.~A. and 
	{Eplee}, Jr., R.~E. and {Fixsen}, D.~J. and {Hewagama}, T. and 
	{Isaacman}, R.~B. and {Jensen}, K.~A. and {Meyer}, S.~S. and 
	{Noerdlinger}, P.~D. and {Read}, S.~M. and {Rosen}, L.~P. and 
	{Shafer}, R.~A. and {Wright}, E.~L. and {Bennett}, C.~L. and 
	{Boggess}, N.~W. and {Hauser}, M.~G. and {Kelsall}, T. and {Moseley}, Jr., S.~H. and 
	{Silverberg}, R.~F. and {Smoot}, G.~F. and {Weiss}, R. and {Wilkinson}, D.~T.
	},
    title = "{Measurement of the cosmic microwave background spectrum by the COBE FIRAS instrument}",
  journal = {\apj},
 keywords = {Background Radiation, Cosmic Rays, Cosmology, Far Infrared Radiation, Infrared Spectrophotometers, Microwave Spectra, Universe, Black Body Radiation, Brightness Distribution, Calibrating, Cosmic Background Explorer Satellite, Data Processing, Error Analysis, Red Shift},
     year = 1994,
    month = jan,
   volume = 420,
    pages = {439-444},
      doi = {10.1086/173574},
   adsurl = {https://ui.adsabs.harvard.edu/abs/1994ApJ...420..439M},
  adsnote = {Provided by the SAO/NASA Astrophysics Data System}
}

@ARTICLE{smoot:1992,
       author = {{Smoot}, G.~F. and {Bennett}, C.~L. and {Kogut}, A. and {Wright}, E.~L. and
         {Aymon}, J. and {Boggess}, N.~W. and {Cheng}, E.~S. and {de Amici}, G. and
         {Gulkis}, S. and {Hauser}, M.~G. and {Hinshaw}, G. and
         {Jackson}, P.~D. and {Janssen}, M. and {Kaita}, E. and {Kelsall}, T. and
         {Keegstra}, P. and {Lineweaver}, C. and {Loewenstein}, K. and
         {Lubin}, P. and {Mather}, J. and {Meyer}, S.~S. and {Moseley}, S.~H. and
         {Murdock}, T. and {Rokke}, L. and {Silverberg}, R.~F. and
         {Tenorio}, L. and {Weiss}, R. and {Wilkinson}, D.~T.},
        title = "{Structure in the COBE Differential Microwave Radiometer First-Year Maps}",
      journal = {\apjl},
     keywords = {Cosmic Background Explorer Satellite, Microwave Radiometers, Normal Density Functions, Relic Radiation, Root-Mean-Square Errors, Astronomical Maps, Milky Way Galaxy, Space Radiation, COSMOLOGY: COSMIC MICROWAVE BACKGROUND, COSMOLOGY: OBSERVATIONS},
         year = "1992",
        month = "Sep",
       volume = {396},
        pages = {L1},
          doi = {10.1086/186504},
       adsurl = {https://ui.adsabs.harvard.edu/abs/1992ApJ...396L...1S},
      adsnote = {Provided by the SAO/NASA Astrophysics Data System}
}

@ARTICLE{debernardis:2000,
       author = {{de Bernardis}, P. and {Ade}, P.~A.~R. and {Bock}, J.~J. and
         {Bond}, J.~R. and {Borrill}, J. and {Boscaleri}, A. and {Coble}, K. and
         {Crill}, B.~P. and {De Gasperis}, G. and {Farese}, P.~C. and
         {Ferreira}, P.~G. and {Ganga}, K. and {Giacometti}, M. and {Hivon}, E. and
         {Hristov}, V.~V. and {Iacoangeli}, A. and {Jaffe}, A.~H. and
         {Lange}, A.~E. and {Martinis}, L. and {Masi}, S. and {Mason}, P.~V. and
         {Mauskopf}, P.~D. and {Melchiorri}, A. and {Miglio}, L. and
         {Montroy}, T. and {Netterfield}, C.~B. and {Pascale}, E. and
         {Piacentini}, F. and {Pogosyan}, D. and {Prunet}, S. and {Rao}, S. and
         {Romeo}, G. and {Ruhl}, J.~E. and {Scaramuzzi}, F. and {Sforna}, D. and
         {Vittorio}, N.},
        title = "{A flat Universe from high-resolution maps of the cosmic microwave background radiation}",
      journal = {\nat},
     keywords = {Astrophysics},
         year = "2000",
        month = "Apr",
       volume = {404},
       number = {6781},
        pages = {955-959},
          doi = {10.1038/35010035},
archivePrefix = {arXiv},
       eprint = {astro-ph/0004404},
 primaryClass = {astro-ph},
       adsurl = {https://ui.adsabs.harvard.edu/abs/2000Natur.404..955D},
      adsnote = {Provided by the SAO/NASA Astrophysics Data System}
}
@ARTICLE{kovac:2002,
       author = {{Kovac}, J.~M. and {Leitch}, E.~M. and {Pryke}, C. and
         {Carlstrom}, J.~E. and {Halverson}, N.~W. and {Holzapfel}, W.~L.},
        title = "{Detection of polarization in the cosmic microwave background using DASI}",
      journal = {\nat},
     keywords = {Astrophysics},
         year = "2002",
        month = "Dec",
       volume = {420},
       number = {6917},
        pages = {772-787},
          doi = {10.1038/nature01269},
archivePrefix = {arXiv},
       eprint = {astro-ph/0209478},
 primaryClass = {astro-ph},
       adsurl = {https://ui.adsabs.harvard.edu/abs/2002Natur.420..772K},
      adsnote = {Provided by the SAO/NASA Astrophysics Data System}
}

@ARTICLE{keihanen2010,
author = {{Keih{\"a}nen}, E. and {Keskitalo}, R. and {Kurki-Suonio}, H. and
 {Poutanen}, T. and {Sirvi{\"o}}, {A.-S.}},
title = "{Making cosmic microwave background temperature and polarization maps
 with MADAM}",
journal = {\aap},
archivePrefix = "arXiv",
eprint = {0907.0367},
primaryClass = "astro-ph.CO",
keywords = {cosmology: cosmic microwave background, methods: data analysis},
year = 2010,
month = feb,
volume = 510,
pages = {A57},
doi = {10.1051/0004-6361/200912813},
adsurl = {http://adsabs.harvard.edu/abs/2010A%26A...510A..57K},
adsnote = {Provided by the SAO/NASA Astrophysics Data System}
}


@manual{wmapexsupp,
    author = {M.~R. Greason and  M. Limon and  E. Wollack and  C. Barnes and  R.
        Bean and  C. L.
        Bennett and  O. Dor\'e and  J. Dunkley and  B. Gold and  M. Halpern and
        R. S.Hill and  G.
            Hinshaw and  N. Jarosik and  A. Kogut and  E. Komatsu and  W.
            Landsman and  D. Larso and 
        S. S. Meyer and M. R. Nolta and  N. Odegard and  L. Page and  H. V.
        Peiris and  K. M. Smith and 
        D. N. Spergel and G. S. Tucker and L. Verde and J. L. Weiland and and E.
        L. Wright},
    title = "Nine-Year Explanatory Supplement",
    address = {Greenbelt, MD: NASA/GSFC},
    year=2012,
    edition = 5,
    url={https://lambda.gsfc.nasa.gov/product/map/dr5/pub_papers/nineyear/supplement/WMAP\_supplement.pdf}
}

@ARTICLE{jarosik2003b,
       author = {{Jarosik}, N. and {Bennett}, C.~L. and {Halpern}, M. and {Hinshaw}, G. and
         {Kogut}, A. and {Limon}, M. and {Meyer}, S.~S. and {Page}, L. and
         {Pospieszalski}, M. and {Spergel}, D.~N. and {Tucker}, G.~S. and
         {Wilkinson}, D.~T. and {Wollack}, E. and {Wright}, E.~L. and
         {Zhang}, Z.},
        title = "{Design, Implementation, and Testing of the Microwave Anisotropy Probe Radiometers}",
      journal = {\apjs},
     keywords = {Cosmology: Cosmic Microwave Background, Instrumentation: Detectors, Space Vehicles: Instruments, Astrophysics},
         year = 2003,
        month = apr,
       volume = {145},
       number = {2},
        pages = {413-436},
          doi = {10.1086/346080},
archivePrefix = {arXiv},
       eprint = {astro-ph/0301164},
 primaryClass = {astro-ph},
       adsurl = {https://ui.adsabs.harvard.edu/abs/2003ApJS..145..413J},
      adsnote = {Provided by the SAO/NASA Astrophysics Data System}
}

@ARTICLE{bond:2000,
       author = {{Bond}, J.~R. and {Jaffe}, A.~H. and {Knox}, L.},
        title = "{Radical Compression of Cosmic Microwave Background Data}",
      journal = {\apj},
     keywords = {COSMOLOGY: COSMIC MICROWAVE BACKGROUND, COSMOLOGY: MISCELLANEOUS, METHODS: DATA ANALYSIS, METHODS: STATISTICAL, Astrophysics},
         year = 2000,
        month = apr,
       volume = {533},
       number = {1},
        pages = {19-37},
          doi = {10.1086/308625},
archivePrefix = {arXiv},
       eprint = {astro-ph/9808264},
 primaryClass = {astro-ph},
       adsurl = {https://ui.adsabs.harvard.edu/abs/2000ApJ...533...19B},
      adsnote = {Provided by the SAO/NASA Astrophysics Data System}
}


@ARTICLE{tegmark_mapmaking,
       author = {{Tegmark}, Max},
        title = "{How to Make Maps from Cosmic Microwave Background Data without Losing Information}",
      journal = {\apjl},
     keywords = {COSMOLOGY: COSMIC MICROWAVE BACKGROUND, METHODS: DATA ANALYSIS, Cosmology: Cosmic Microwave Background, Methods: Data Analysis, Astrophysics},
         year = 1997,
        month = may,
       volume = {480},
       number = {2},
        pages = {L87-L90},
          doi = {10.1086/310631},
archivePrefix = {arXiv},
       eprint = {astro-ph/9611130},
 primaryClass = {astro-ph},
       adsurl = {https://ui.adsabs.harvard.edu/abs/1997ApJ...480L..87T},
      adsnote = {Provided by the SAO/NASA Astrophysics Data System}
}

@ARTICLE{ashdown:2007,
       author = {{Ashdown}, M.~A.~J. and {Baccigalupi}, C. and {Balbi}, A. and
         {Bartlett}, J.~G. and {Borrill}, J. and {Cantalupo}, C. and
         {de Gasperis}, G. and {G{\'o}rski}, K.~M. and {Heikkil{\"a}}, V. and
         {Hivon}, E. and {Keih{\"a}nen}, E. and {Kurki-Suonio}, H. and
         {Lawrence}, C.~R. and {Natoli}, P. and {Poutanen}, T. and {Prunet}, S. and
         {Reinecke}, M. and {Stompor}, R. and {Wandelt}, B.},
        title = "{Making maps from Planck LFI 30 GHz data}",
      journal = {\aap},
     keywords = {cosmology: cosmic microwave background, methods: data, analysis, techniques: image processing, cosmology: observations, Astrophysics},
         year = 2007,
        month = aug,
       volume = {471},
       number = {1},
        pages = {361-380},
          doi = {10.1051/0004-6361:20077312},
archivePrefix = {arXiv},
       eprint = {astro-ph/0702483},
 primaryClass = {astro-ph},
       adsurl = {https://ui.adsabs.harvard.edu/abs/2007A&A...471..361A},
      adsnote = {Provided by the SAO/NASA Astrophysics Data System}
}

@ARTICLE{gorski:1994,
       author = {{Gorski}, Krzysztof M.},
        title = "{On Determining the Spectrum of Primordial Inhomogeneity from the COBE DMR Sky Maps: Method}",
      journal = {\apjl},
     keywords = {Cosmic Background Explorer Satellite, Mathematical Models, Microwaves, Spectrum Analysis, Temperature Distribution, Extraterrestrial Radio Waves, Fourier Analysis, Inhomogeneity, Orthogonal Functions, Spherical Harmonics, Astronomy, COSMOLOGY: COSMIC MICROWAVE BACKGROUND, METHODS: ANALYTICAL, Astrophysics},
         year = 1994,
        month = aug,
       volume = {430},
        pages = {L85},
          doi = {10.1086/187444},
archivePrefix = {arXiv},
       eprint = {astro-ph/9403066},
 primaryClass = {astro-ph},
       adsurl = {https://ui.adsabs.harvard.edu/abs/1994ApJ...430L..85G},
      adsnote = {Provided by the SAO/NASA Astrophysics Data System}
}

@ARTICLE{hivon:2002,
       author = {{Hivon}, Eric and {G{\'o}rski}, Krzysztof M. and
         {Netterfield}, C. Barth and {Crill}, Brendan P. and {Prunet}, Simon and
         {Hansen}, Frode},
        title = "{MASTER of the Cosmic Microwave Background Anisotropy Power Spectrum: A Fast Method for Statistical Analysis of Large and Complex Cosmic Microwave Background Data Sets}",
      journal = {\apj},
     keywords = {Cosmology: Cosmic Microwave Background, Methods: Statistical, Astrophysics},
         year = 2002,
        month = mar,
       volume = {567},
       number = {1},
        pages = {2-17},
          doi = {10.1086/338126},
archivePrefix = {arXiv},
       eprint = {astro-ph/0105302},
 primaryClass = {astro-ph},
       adsurl = {https://ui.adsabs.harvard.edu/abs/2002ApJ...567....2H},
      adsnote = {Provided by the SAO/NASA Astrophysics Data System}
}


@ARTICLE{quiet:2011,
       author = {{QUIET Collaboration} and {Bischoff}, C. and {Brizius}, A. and
         {Buder}, I. and {Chinone}, Y. and {Cleary}, K. and {Dumoulin}, R.~N. and
         {Kusaka}, A. and {Monsalve}, R. and {N{\ae}ss}, S.~K. and
         {Newburgh}, L.~B. and {Reeves}, R. and {Smith}, K.~M. and
         {Wehus}, I.~K. and {Zuntz}, J.~A. and {Zwart}, J.~T.~L. and
         {Bronfman}, L. and {Bustos}, R. and {Church}, S.~E. and
         {Dickinson}, C. and {Eriksen}, H.~K. and {Ferreira}, P.~G. and
         {Gaier}, T. and {Gundersen}, J.~O. and {Hasegawa}, M. and {Hazumi}, M. and
         {Huffenberger}, K.~M. and {Jones}, M.~E. and {Kangaslahti}, P. and
         {Kapner}, D.~J. and {Lawrence}, C.~R. and {Limon}, M. and {May}, J. and
         {McMahon}, J.~J. and {Miller}, A.~D. and {Nguyen}, H. and
         {Nixon}, G.~W. and {Pearson}, T.~J. and {Piccirillo}, L. and
         {Radford}, S.~J.~E. and {Readhead}, A.~C.~S. and {Richards}, J.~L. and
         {Samtleben}, D. and {Seiffert}, M. and {Shepherd}, M.~C. and
         {Staggs}, S.~T. and {Tajima}, O. and {Thompson}, K.~L. and {Vand
        erlinde}, K. and {Williamson}, R. and {Winstein}, B.},
        title = "{First Season QUIET Observations: Measurements of Cosmic Microwave Background Polarization Power Spectra at 43 GHz in the Multipole Range 25 <= {\ensuremath{\ell}} <= 475}",
      journal = {\apj},
     keywords = {cosmic background radiation, cosmology: observations, gravitational waves, inflation, polarization, Astrophysics - Cosmology and Extragalactic Astrophysics},
         year = 2011,
        month = nov,
       volume = {741},
       number = {2},
          eid = {111},
        pages = {111},
          doi = {10.1088/0004-637X/741/2/111},
archivePrefix = {arXiv},
       eprint = {1012.3191},
 primaryClass = {astro-ph.CO},
       adsurl = {https://ui.adsabs.harvard.edu/abs/2011ApJ...741..111Q},
      adsnote = {Provided by the SAO/NASA Astrophysics Data System}
}

@ARTICLE{cmbS4,
       author = {{Abazajian}, Kevork and {Addison}, Graeme and {Adshead}, Peter and
         {Ahmed}, Zeeshan and {Allen}, Steven W. and {Alonso}, David and
         {Alvarez}, Marcelo and {Anderson}, Adam and {Arnold}, Kam S. and
         {Baccigalupi}, Carlo and {Bailey}, Kathy and {Barkats}, Denis and
         {Barron}, Darcy and {Barry}, Peter S. and {Bartlett}, James G. and
         {Basu Thakur}, Ritoban and {Battaglia}, Nicholas and {Baxter}, Eric and
         {Bean}, Rachel and {Bebek}, Chris and {Bender}, Amy N. and
         {Benson}, Bradford A. and {Berger}, Edo and {Bhimani}, Sanah and
         {Bischoff}, Colin A. and {Bleem}, Lindsey and {Bocquet}, Sebastian and
         {Boddy}, Kimberly and {Bonato}, Matteo and {Bond}, J. Richard and
         {Borrill}, Julian and {Bouchet}, Fran{\c{c}}ois R. and
         {Brown}, Michael L. and {Bryan}, Sean and {Burkhart}, Blakesley and
         {Buza}, Victor and {Byrum}, Karen and {Calabrese}, Erminia and
         {Calafut}, Victoria and {Caldwell}, Robert and {Carlstrom}, John E. and
         {Carron}, Julien and {Cecil}, Thomas and {Challinor}, Anthony and
         {Chang}, Clarence L. and {Chinone}, Yuji and {Cho}, Hsiao-Mei Sherry and
         {Cooray}, Asantha and {Crawford}, Thomas M. and {Crites}, Abigail and
         {Cukierman}, Ari and {Cyr-Racine}, Francis-Yan and {de Haan}, Tijmen and
         {de Zotti}, Gianfranco and {Delabrouille}, Jacques and
         {Demarteau}, Marcel and {Devlin}, Mark and {Di Valentino}, Eleonora and
         {Dobbs}, Matt and {Duff}, Shannon and {Duivenvoorden}, Adriaan and
         {Dvorkin}, Cora and {Edwards}, William and {Eimer}, Joseph and
         {Errard}, Josquin and {Essinger-Hileman}, Thomas and {Fabbian}, Giulio and
         {Feng}, Chang and {Ferraro}, Simone and {Filippini}, Jeffrey P. and
         {Flauger}, Raphael and {Flaugher}, Brenna and {Fraisse}, Aurelien A. and
         {Frolov}, Andrei and {Galitzki}, Nicholas and {Galli}, Silvia and
         {Ganga}, Ken and {Gerbino}, Martina and {Gilchriese}, Murdock and
         {Gluscevic}, Vera and {Green}, Daniel and {Grin}, Daniel and
         {Grohs}, Evan and {Gualtieri}, Riccardo and {Guarino}, Victor and
         {Gudmundsson}, Jon E. and {Habib}, Salman and {Haller}, Gunther and
         {Halpern}, Mark and {Halverson}, Nils W. and {Hanany}, Shaul and
         {Harrington}, Kathleen and {Hasegawa}, Masaya and
         {Hasselfield}, Matthew and {Hazumi}, Masashi and {Heitmann}, Katrin and
         {Henderson}, Shawn and {Henning}, Jason W. and {Hill}, J. Colin and
         {Hlozek}, Ren{\'e}e and {Holder}, Gil and {Holzapfel}, William and
         {Hubmayr}, Johannes and {Huffenberger}, Kevin M. and {Huffer}, Michael and
         {Hui}, Howard and {Irwin}, Kent and {Johnson}, Bradley R. and
         {Johnstone}, Doug and {Jones}, William C. and {Karkare}, Kirit and
         {Katayama}, Nobuhiko and {Kerby}, James and {Kernovsky}, Sarah and
         {Keskitalo}, Reijo and {Kisner}, Theodore and {Knox}, Lloyd and
         {Kosowsky}, Arthur and {Kovac}, John and {Kovetz}, Ely D. and
         {Kuhlmann}, Steve and {Kuo}, Chao-lin and {Kurita}, Nadine and
         {Kusaka}, Akito and {Lahteenmaki}, Anne and {Lawrence}, Charles R. and
         {Lee}, Adrian T. and {Lewis}, Antony and {Li}, Dale and {Linder}, Eric and
         {Loverde}, Marilena and {Lowitz}, Amy and {Madhavacheril}, Mathew S. and
         {Mantz}, Adam and {Matsuda}, Frederick and {Mauskopf}, Philip and
         {McMahon}, Jeff and {McQuinn}, Matthew and {Meerburg}, P. Daniel and
         {Melin}, Jean-Baptiste and {Meyers}, Joel and {Millea}, Marius and
         {Mohr}, Joseph and {Moncelsi}, Lorenzo and {Mroczkowski}, Tony and
         {Mukherjee}, Suvodip and {M{\"u}nchmeyer}, Moritz and {Nagai}, Daisuke and
         {Nagy}, Johanna and {Namikawa}, Toshiya and {Nati}, Federico and
         {Natoli}, Tyler and {Negrello}, Mattia and {Newburgh}, Laura and
         {Niemack}, Michael D. and {Nishino}, Haruki and {Nordby}, Martin and
         {Novosad}, Valentine and {O'Connor}, Paul and {Obied}, Georges and
         {Padin}, Stephen and {Pandey}, Shivam and {Partridge}, Bruce and
         {Pierpaoli}, Elena and {Pogosian}, Levon and {Pryke}, Clement and
         {Puglisi}, Giuseppe and {Racine}, Benjamin and
         {Raghunathan}, Srinivasan and {Rahlin}, Alexandra and
         {Rajagopalan}, Srini and {Raveri}, Marco and {Reichanadter}, Mark and
         {Reichardt}, Christian L. and {Remazeilles}, Mathieu and
         {Rocha}, Graca and {Roe}, Natalie A. and {Roy}, Anirban and
         {Ruhl}, John and {Salatino}, Maria and {Saliwanchik}, Benjamin and
         {Schaan}, Emmanuel and {Schillaci}, Alessandro and
         {Schmittfull}, Marcel M. and {Scott}, Douglas and {Sehgal}, Neelima and
         {Shandera}, Sarah and {Sheehy}, Christopher and {Sherwin}, Blake D. and
         {Shirokoff}, Erik and {Simon}, Sara M. and {Slosar}, Anze and
         {Somerville}, Rachel and {Spergel}, David and {Staggs}, Suzanne T. and
         {Stark}, Antony and {Stompor}, Radek and {Story}, Kyle T. and
         {Stoughton}, Chris and {Suzuki}, Aritoki and {Tajima}, Osamu and
         {Teply}, Grant P. and {Thompson}, Keith and {Timbie}, Peter and
         {Tomasi}, Maurizio and {Treu}, Jesse I. and {Tristram}, Matthieu and
         {Tucker}, Gregory and {Umilt{\`a}}, Caterina and {van Engelen}, Alexand
        er and {Vieira}, Joaquin D. and {Vieregg}, Abigail G. and
         {Vogelsberger}, Mark and {Wang}, Gensheng and {Watson}, Scott and
         {White}, Martin and {Whitehorn}, Nathan and {Wollack}, Edward J. and
         {Kimmy Wu}, W.~L. and {Xu}, Zhilei and {Yasini}, Siavash and
         {Yeck}, James and {Yoon}, Ki Won and {Young}, Edward and
         {Zonca}, Andrea},
        title = "{CMB-S4 Science Case, Reference Design, and Project Plan}",
      journal = {arXiv e-prints},
     keywords = {Astrophysics - Instrumentation and Methods for Astrophysics, Astrophysics - Astrophysics of Galaxies, High Energy Physics - Experiment},
         year = 2019,
        month = jul,
          eid = {arXiv:1907.04473},
        pages = {arXiv:1907.04473},
archivePrefix = {arXiv},
       eprint = {1907.04473},
 primaryClass = {astro-ph.IM},
       adsurl = {https://ui.adsabs.harvard.edu/abs/2019arXiv190704473A},
      adsnote = {Provided by the SAO/NASA Astrophysics Data System}
}

@ARTICLE{litebird2018,
       author = {{Suzuki}, A. and {Ade}, P.~A.~R. and {Akiba}, Y. and {Alonso}, D. and
         {Arnold}, K. and {Aumont}, J. and {Baccigalupi}, C. and {Barron}, D. and
         {Basak}, S. and {Beckman}, S. and {Borrill}, J. and {Boulanger}, F. and
         {Bucher}, M. and {Calabrese}, E. and {Chinone}, Y. and {Cho}, S. and
         {Crill}, B. and {Cukierman}, A. and {Curtis}, D.~W. and {de Haan}, T. and
         {Dobbs}, M. and {Dominjon}, A. and {Dotani}, T. and {Duband}, L. and
         {Ducout}, A. and {Dunkley}, J. and {Duval}, J.~M. and {Elleflot}, T. and
         {Eriksen}, H.~K. and {Errard}, J. and {Fischer}, J. and {Fujino}, T. and
         {Funaki}, T. and {Fuskeland}, U. and {Ganga}, K. and
         {Goeckner-Wald}, N. and {Grain}, J. and {Halverson}, N.~W. and
         {Hamada}, T. and {Hasebe}, T. and {Hasegawa}, M. and {Hattori}, K. and
         {Hattori}, M. and {Hayes}, L. and {Hazumi}, M. and {Hidehira}, N. and
         {Hill}, C.~A. and {Hilton}, G. and {Hubmayr}, J. and {Ichiki}, K. and
         {Iida}, T. and {Imada}, H. and {Inoue}, M. and {Inoue}, Y. and
         {Irwin}, K.~D. and {Ishino}, H. and {Jeong}, O. and {Kanai}, H. and
         {Kaneko}, D. and {Kashima}, S. and {Katayama}, N. and {Kawasaki}, T. and
         {Kernasovskiy}, S.~A. and {Keskitalo}, R. and {Kibayashi}, A. and
         {Kida}, Y. and {Kimura}, K. and {Kisner}, T. and {Kohri}, K. and
         {Komatsu}, E. and {Komatsu}, K. and {Kuo}, C.~L. and {Kurinsky}, N.~A. and
         {Kusaka}, A. and {Lazarian}, A. and {Lee}, A.~T. and {Li}, D. and
         {Linder}, E. and {Maffei}, B. and {Mangilli}, A. and {Maki}, M. and
         {Matsumura}, T. and {Matsuura}, S. and {Meilhan}, D. and {Mima}, S. and
         {Minami}, Y. and {Mitsuda}, K. and {Montier}, L. and {Nagai}, M. and
         {Nagasaki}, T. and {Nagata}, R. and {Nakajima}, M. and {Nakamura}, S. and
         {Namikawa}, T. and {Naruse}, M. and {Nishino}, H. and {Nitta}, T. and
         {Noguchi}, T. and {Ogawa}, H. and {Oguri}, S. and {Okada}, N. and
         {Okamoto}, A. and {Okamura}, T. and {Otani}, C. and {Patanchon}, G. and
         {Pisano}, G. and {Rebeiz}, G. and {Remazeilles}, M. and
         {Richards}, P.~L. and {Sakai}, S. and {Sakurai}, Y. and {Sato}, Y. and
         {Sato}, N. and {Sawada}, M. and {Segawa}, Y. and {Sekimoto}, Y. and
         {Seljak}, U. and {Sherwin}, B.~D. and {Shimizu}, T. and
         {Shinozaki}, K. and {Stompor}, R. and {Sugai}, H. and {Sugita}, H. and
         {Suzuki}, J. and {Tajima}, O. and {Takada}, S. and {Takaku}, R. and
         {Takakura}, S. and {Takatori}, S. and {Tanabe}, D. and {Taylor}, E. and
         {Thompson}, K.~L. and {Thorne}, B. and {Tomaru}, T. and {Tomida}, T. and
         {Tomita}, N. and {Tristram}, M. and {Tucker}, C. and {Turin}, P. and
         {Tsujimoto}, M. and {Uozumi}, S. and {Utsunomiya}, S. and {Uzawa}, Y. and
         {Vansyngel}, F. and {Wehus}, I.~K. and {Westbrook}, B. and
         {Willer}, M. and {Whitehorn}, N. and {Yamada}, Y. and {Yamamoto}, R. and
         {Yamasaki}, N. and {Yamashita}, T. and {Yoshida}, M.},
        title = "{The LiteBIRD Satellite Mission: Sub-Kelvin Instrument}",
      journal = {Journal of Low Temperature Physics},
     keywords = {Cosmic microwave background, Satellite, Inflation, Polarization, B-mode, Astrophysics - Instrumentation and Methods for Astrophysics, Astrophysics - Astrophysics of Galaxies},
         year = 2018,
        month = dec,
       volume = {193},
       number = {5-6},
        pages = {1048-1056},
          doi = {10.1007/s10909-018-1947-7},
archivePrefix = {arXiv},
       eprint = {1801.06987},
 primaryClass = {astro-ph.IM},
       adsurl = {https://ui.adsabs.harvard.edu/abs/2018JLTP..193.1048S},
      adsnote = {Provided by the SAO/NASA Astrophysics Data System}
}

@ARTICLE{pico2019,
       author = {{Hanany}, Shaul and {Alvarez}, Marcelo and {Artis}, Emmanuel and
         {Ashton}, Peter and {Aumont}, Jonathan and {Aurlien}, Ragnhild and
         {Banerji}, Ranajoy and {Barreiro}, R. Belen and {Bartlett}, James G. and
         {Basak}, Soumen and {Battaglia}, Nick and {Bock}, Jamie and
         {Boddy}, Kimberly K. and {Bonato}, Matteo and {Borrill}, Julian and
         {Bouchet}, Fran{\c{c}}ois and {Boulanger}, Fran{\c{c}}ois and
         {Burkhart}, Blakesley and {Chluba}, Jens and {Chuss}, David and
         {Clark}, Susan E. and {Cooperrider}, Joelle and {Crill}, Brendan P. and
         {De Zotti}, Gianfranco and {Delabrouille}, Jacques and
         {Di Valentino}, Eleonora and {Didier}, Joy and {Dor{\'e}}, Olivier and
         {Eriksen}, Hans K. and {Errard}, Josquin and {Essinger-Hileman}, Tom and
         {Feeney}, Stephen and {Filippini}, Jeffrey and {Fissel}, Laura and
         {Flauger}, Raphael and {Fuskeland}, Unni and {Gluscevic}, Vera and
         {Gorski}, Krzysztof M. and {Green}, Dan and {Hensley}, Brandon and
         {Herranz}, Diego and {Hill}, J. Colin and {Hivon}, Eric and
         {Hlo{\v{z}}ek}, Ren{\'e}e and {Hubmayr}, Johannes and
         {Johnson}, Bradley R. and {Jones}, William and {Jones}, Terry and
         {Knox}, Lloyd and {Kogut}, Al and {L{\'o}pez-Caniego}, Marcos and
         {Lawrence}, Charles and {Lazarian}, Alex and {Li}, Zack and
         {Madhavacheril}, Mathew and {Melin}, Jean-Baptiste and {Meyers}, Joel and
         {Murray}, Calum and {Negrello}, Mattia and {Novak}, Giles and
         {O'Brient}, Roger and {Paine}, Christopher and {Pearson}, Tim and
         {Pogosian}, Levon and {Pryke}, Clem and {Puglisi}, Giuseppe and
         {Remazeilles}, Mathieu and {Rocha}, Graca and {Schmittfull}, Marcel and
         {Scott}, Douglas and {Shirron}, Peter and {Stephens}, Ian and
         {Sutin}, Brian and {Tomasi}, Maurizio and {Trangsrud}, Amy and
         {van Engelen}, Alexander and {Vansyngel}, Flavien and
         {Wehus}, Ingunn K. and {Wen}, Qi and {Xu}, Siyao and {Young}, Karl and
         {Zonca}, Andrea},
        title = "{PICO: Probe of Inflation and Cosmic Origins}",
      journal = {arXiv e-prints},
     keywords = {Astrophysics - Instrumentation and Methods for Astrophysics, Astrophysics - Cosmology and Nongalactic Astrophysics, Astrophysics - Astrophysics of Galaxies, Astrophysics - High Energy Astrophysical Phenomena, Astrophysics - Solar and Stellar Astrophysics},
         year = 2019,
        month = feb,
          eid = {arXiv:1902.10541},
        pages = {arXiv:1902.10541},
archivePrefix = {arXiv},
       eprint = {1902.10541},
 primaryClass = {astro-ph.IM},
       adsurl = {https://ui.adsabs.harvard.edu/abs/2019arXiv190210541H},
      adsnote = {Provided by the SAO/NASA Astrophysics Data System}
}

@ARTICLE{SO2019,
       author = {{Ade}, Peter and {Aguirre}, James and {Ahmed}, Zeeshan and
         {Aiola}, Simone and {Ali}, Aamir and {Alonso}, David and
         {Alvarez}, Marcelo A. and {Arnold}, Kam and {Ashton}, Peter and
         {Austermann}, Jason and {Awan}, Humna and {Baccigalupi}, Carlo and
         {Baildon}, Taylor and {Barron}, Darcy and {Battaglia}, Nick and
         {Battye}, Richard and {Baxter}, Eric and {Bazarko}, Andrew and
         {Beall}, James A. and {Bean}, Rachel and {Beck}, Dominic and
         {Beckman}, Shawn and {Beringue}, Benjamin and {Bianchini}, Federico and
         {Boada}, Steven and {Boettger}, David and {Bond}, J. Richard and
         {Borrill}, Julian and {Brown}, Michael L. and {Bruno}, Sarah Marie and
         {Bryan}, Sean and {Calabrese}, Erminia and {Calafut}, Victoria and
         {Calisse}, Paolo and {Carron}, Julien and {Challinor}, Anthony and
         {Chesmore}, Grace and {Chinone}, Yuji and {Chluba}, Jens and
         {Cho}, Hsiao-Mei Sherry and {Choi}, Steve and {Coppi}, Gabriele and
         {Cothard}, Nicholas F. and {Coughlin}, Kevin and {Crichton}, Devin and
         {Crowley}, Kevin D. and {Crowley}, Kevin T. and {Cukierman}, Ari and
         {D'Ewart}, John M. and {D{\"u}nner}, Rolando and {de Haan}, Tijmen and
         {Devlin}, Mark and {Dicker}, Simon and {Didier}, Joy and {Dobbs}, Matt and
         {Dober}, Bradley and {Duell}, Cody J. and {Duff}, Shannon and
         {Duivenvoorden}, Adri and {Dunkley}, Jo and {Dusatko}, John and
         {Errard}, Josquin and {Fabbian}, Giulio and {Feeney}, Stephen and
         {Ferraro}, Simone and {Flux{\`a}}, Pedro and {Freese}, Katherine and
         {Frisch}, Josef C. and {Frolov}, Andrei and {Fuller}, George and
         {Fuzia}, Brittany and {Galitzki}, Nicholas and {Gallardo}, Patricio A. and
         {Tomas Galvez Ghersi}, Jose and {Gao}, Jiansong and {Gawiser}, Eric and
         {Gerbino}, Martina and {Gluscevic}, Vera and {Goeckner-Wald}, Neil and
         {Golec}, Joseph and {Gordon}, Sam and {Gralla}, Megan and
         {Green}, Daniel and {Grigorian}, Arpi and {Groh}, John and
         {Groppi}, Chris and {Guan}, Yilun and {Gudmundsson}, Jon E. and
         {Han}, Dongwon and {Hargrave}, Peter and {Hasegawa}, Masaya and
         {Hasselfield}, Matthew and {Hattori}, Makoto and {Haynes}, Victor and
         {Hazumi}, Masashi and {He}, Yizhou and {Healy}, Erin and
         {Henderson}, Shawn W. and {Hervias-Caimapo}, Carlos and
         {Hill}, Charles A. and {Hill}, J. Colin and {Hilton}, Gene and
         {Hilton}, Matt and {Hincks}, Adam D. and {Hinshaw}, Gary and
         {Hlo{\v{z}}ek}, Ren{\'e}e and {Ho}, Shirley and {Ho}, Shuay-Pwu Patty and
         {Howe}, Logan and {Huang}, Zhiqi and {Hubmayr}, Johannes and
         {Huffenberger}, Kevin and {Hughes}, John P. and {Ijjas}, Anna and
         {Ikape}, Margaret and {Irwin}, Kent and {Jaffe}, Andrew H. and
         {Jain}, Bhuvnesh and {Jeong}, Oliver and {Kaneko}, Daisuke and
         {Karpel}, Ethan D. and {Katayama}, Nobuhiko and {Keating}, Brian and
         {Kernasovskiy}, Sarah S. and {Keskitalo}, Reijo and {Kisner}, Theodore and
         {Kiuchi}, Kenji and {Klein}, Jeff and {Knowles}, Kenda and
         {Koopman}, Brian and {Kosowsky}, Arthur and
         {Krachmalnicoff}, Nicoletta and {Kuenstner}, Stephen E. and
         {Kuo}, Chao-Lin and {Kusaka}, Akito and {Lashner}, Jacob and
         {Lee}, Adrian and {Lee}, Eunseong and {Leon}, David and
         {Leung}, Jason S. -Y. and {Lewis}, Antony and {Li}, Yaqiong and
         {Li}, Zack and {Limon}, Michele and {Linder}, Eric and
         {Lopez-Caraballo}, Carlos and {Louis}, Thibaut and {Lowry}, Lindsay and
         {Lungu}, Marius and {Madhavacheril}, Mathew and {Mak}, Daisy and
         {Maldonado}, Felipe and {Mani}, Hamdi and {Mates}, Ben and
         {Matsuda}, Frederick and {Maurin}, Lo{\"\i}c and {Mauskopf}, Phil and
         {May}, Andrew and {McCallum}, Nialh and {McKenney}, Chris and
         {McMahon}, Jeff and {Meerburg}, P. Daniel and {Meyers}, Joel and
         {Miller}, Amber and {Mirmelstein}, Mark and {Moodley}, Kavilan and
         {Munchmeyer}, Moritz and {Munson}, Charles and {Naess}, Sigurd and
         {Nati}, Federico and {Navaroli}, Martin and {Newburgh}, Laura and
         {Nguyen}, Ho Nam and {Niemack}, Michael and {Nishino}, Haruki and
         {Orlowski-Scherer}, John and {Page}, Lyman and {Partridge}, Bruce and
         {Peloton}, Julien and {Perrotta}, Francesca and {Piccirillo}, Lucio and
         {Pisano}, Giampaolo and {Poletti}, Davide and {Puddu}, Roberto and
         {Puglisi}, Giuseppe and {Raum}, Chris and {Reichardt}, Christian L. and
         {Remazeilles}, Mathieu and {Rephaeli}, Yoel and {Riechers}, Dominik and
         {Rojas}, Felipe and {Roy}, Anirban and {Sadeh}, Sharon and
         {Sakurai}, Yuki and {Salatino}, Maria and {Sathyanarayana Rao}, Mayuri and
         {Schaan}, Emmanuel and {Schmittfull}, Marcel and {Sehgal}, Neelima and
         {Seibert}, Joseph and {Seljak}, Uros and {Sherwin}, Blake and
         {Shimon}, Meir and {Sierra}, Carlos and {Sievers}, Jonathan and
         {Sikhosana}, Precious and {Silva-Feaver}, Maximiliano and
         {Simon}, Sara M. and {Sinclair}, Adrian and {Siritanasak}, Praween and
         {Smith}, Kendrick and {Smith}, Stephen R. and {Spergel}, David and
         {Staggs}, Suzanne T. and {Stein}, George and {Stevens}, Jason R. and
         {Stompor}, Radek and {Suzuki}, Aritoki and {Tajima}, Osamu and
         {Takakura}, Satoru and {Teply}, Grant and {Thomas}, Daniel B. and
         {Thorne}, Ben and {Thornton}, Robert and {Trac}, Hy and {Tsai}, Calvin and
         {Tucker}, Carole and {Ullom}, Joel and {Vagnozzi}, Sunny and
         {van Engelen}, Alexander and {Van Lanen}, Jeff and
         {Van Winkle}, Daniel D. and {Vavagiakis}, Eve M. and
         {Verg{\`e}s}, Clara and {Vissers}, Michael and {Wagoner}, Kasey and
         {Walker}, Samantha and {Ward}, Jon and {Westbrook}, Ben and
         {Whitehorn}, Nathan and {Williams}, Jason and {Williams}, Joel and
         {Wollack}, Edward J. and {Xu}, Zhilei and {Yu}, Byeonghee and
         {Yu}, Cyndia and {Zago}, Fernando and {Zhang}, Hezi and
         {Zhu}, Ningfeng and {Simons Observatory Collaboration}},
        title = "{The Simons Observatory: science goals and forecasts}",
      journal = {\jcap},
     keywords = {Astrophysics - Cosmology and Nongalactic Astrophysics},
         year = 2019,
        month = feb,
       volume = {2019},
       number = {2},
          eid = {056},
        pages = {056},
          doi = {10.1088/1475-7516/2019/02/056},
archivePrefix = {arXiv},
       eprint = {1808.07445},
 primaryClass = {astro-ph.CO},
       adsurl = {https://ui.adsabs.harvard.edu/abs/2019JCAP...02..056A},
      adsnote = {Provided by the SAO/NASA Astrophysics Data System}
}
