  @ARTICLE{libsharp,
       author = {{Reinecke}, M. and {Seljebotn}, D.~S.},
        title = "{Libsharp - spherical harmonic transforms revisited}",
      journal = {\aap},
     keywords = {methods: numerical, cosmic background radiation, large-scale structure of Universe, Physics - Computational Physics},
         year = "2013",
        month = "Jun",
       volume = {554},
          eid = {A112},
        pages = {A112},
          doi = {10.1051/0004-6361/201321494},
archivePrefix = {arXiv},
       eprint = {1303.4945},
 primaryClass = {physics.comp-ph},
       adsurl = {https://ui.adsabs.harvard.edu/abs/2013A&A...554A.112R},
      adsnote = {Provided by the SAO/NASA Astrophysics Data System}
}

@ARTICLE{conviqt,
       author = {{Pr{\'e}zeau}, G. and {Reinecke}, M.},
        title = "{Algorithm for the Evaluation of Reduced Wigner Matrices}",
      journal = {\apjs},
     keywords = {cosmic background radiation, cosmology: observations, instrumentation: adaptive optics, methods: data analysis, techniques: image processing, Astrophysics - Instrumentation and Methods for Astrophysics, Astrophysics - Cosmology and Nongalactic Astrophysics},
         year = "2010",
        month = "Oct",
       volume = {190},
       number = {2},
        pages = {267-274},
          doi = {10.1088/0067-0049/190/2/267},
archivePrefix = {arXiv},
       eprint = {1002.1050},
 primaryClass = {astro-ph.IM},
       adsurl = {https://ui.adsabs.harvard.edu/abs/2010ApJS..190..267P},
      adsnote = {Provided by the SAO/NASA Astrophysics Data System}
}

@article{goldberg,
author = {Goldberg,J. N.  and Macfarlane,A. J.  and Newman,E. T.  and Rohrlich,F.  and Sudarshan,E. C. G. },
title = {Spin‐s Spherical Harmonics and ð},
journal = {Journal of Mathematical Physics},
volume = {8},
number = {11},
pages = {2155-2161},
year = {1967},
doi = {10.1063/1.1705135},

URL = { 
        https://doi.org/10.1063/1.1705135
    
},
eprint = { 
        https://doi.org/10.1063/1.1705135
    
}
}

@book{varshalovich,
  added-at = {2010-10-02T18:22:22.000+0200},
  address = {Singapore},
  author = {Varshalovich, D. A. and Moskalev, A. N. and Khersonskii, V. K.},
  biburl = {https://www.bibsonomy.org/bibtex/2e219e2c1ef95a1fb3f482ffde9895471/brouder},
  interhash = {b359644e6b011b66691769603d751e1b},
  intrahash = {e219e2c1ef95a1fb3f482ffde9895471},
  keywords = {imported},
  publisher = {World Scientific},
  timestamp = {2010-10-02T18:22:30.000+0200},
  title = {Quantum Theory of Angular Momentum},
  year = 1988
}

@article{lfi2015systematics,
	author = {{Planck Collaboration} and {Ade, P. A. R.} and {Aumont, J.} and {Baccigalupi, C.} and {Banday, A. J.} and {Barreiro, R. B.} and {Bartolo, N.} and {Basak, S.} and {Battaglia, P.} and {Battaner, E.} and {Benabed, K.} and {Benoit-L\'evy, A.} and {Bernard, J.-P.} and {Bersanelli, M.} and {Bielewicz, P.} and {Bonaldi, A.} and {Bonavera, L.} and {Bond, J. R.} and {Borrill, J.} and {Burigana, C.} and {Butler, R. C.} and {Calabrese, E.} and {Catalano, A.} and {Christensen, P. R.} and {Colombo, L. P. L.} and {Cruz, M.} and {Curto, A.} and {Cuttaia, F.} and {Danese, L.} and {Davies, R. D.} and {Davis, R. J.} and {de Bernardis, P.} and {de Rosa, A.} and {de Zotti, G.} and {Delabrouille, J.} and {Dickinson, C.} and {Diego, J. M.} and {Dor\'e, O.} and {Ducout, A.} and {Dupac, X.} and {Elsner, F.} and {En\ss{}lin, T. A.} and {Eriksen, H. K.} and {Finelli, F.} and {Frailis, M.} and {Franceschet, C.} and {Franceschi, E.} and {Galeotta, S.} and {Galli, S.} and {Ganga, K.} and {Ghosh, T.} and {Giard, M.} and {Giraud-H\'eraud, Y.} and {Gjerl\o{}w, E.} and {Gonz\'alez-Nuevo, J.} and {G\'orski, K. M.} and {Gregorio, A.} and {Gruppuso, A.} and {Hansen, F. K.} and {Harrison, D. L.} and {Hern\'andez-Monteagudo, C.} and {Herranz, D.} and {Hildebrandt, S. R.} and {Hivon, E.} and {Hobson, M.} and {Hornstrup, A.} and {Hovest, W.} and {Huffenberger, K. M.} and {Hurier, G.} and {Jaffe, A. H.} and {Jaffe, T. R.} and {Keih\"anen, E.} and {Keskitalo, R.} and {Kiiveri, K.} and {Kisner, T. S.} and {Knoche, J.} and {Krachmalnicoff, N.} and {Kunz, M.} and {Kurki-Suonio, H.} and {Lagache, G.} and {Lamarre, J.-M.} and {Lasenby, A.} and {Lattanzi, M.} and {Lawrence, C. R.} and {Leahy, J. P.} and {Leonardi, R.} and {Levrier, F.} and {Liguori, M.} and {Lilje, P. B.} and {Linden-V\o{}rnle, M.} and {Lindholm, V.} and {L\'opez-Caniego, M.} and {Lubin, P. M.} and {Mac\'{\i}as-P\'erez, J. F.} and {Maffei, B.} and {Maggio, G.} and {Maino, D.} and {Mandolesi, N.} and {Mangilli, A.} and {Maris, M.} and {Martin, P. G.} and {Mart\'{\i}nez-Gonz\'alez, E.} and {Masi, S.} and {Matarrese, S.} and {Meinhold, P. R.} and {Mennella, A.} and {Migliaccio, M.} and {Mitra, S.} and {Montier, L.} and {Morgante, G.} and {Mortlock, D.} and {Munshi, D.} and {Murphy, J. A.} and {Nati, F.} and {Natoli, P.} and {Noviello, F.} and {Paci, F.} and {Pagano, L.} and {Pajot, F.} and {Paoletti, D.} and {Partridge, B.} and {Pasian, F.} and {Pearson, T. J.} and {Perdereau, O.} and {Pettorino, V.} and {Piacentini, F.} and {Pointecouteau, E.} and {Polenta, G.} and {Pratt, G. W.} and {Puget, J.-L.} and {Rachen, J. P.} and {Reinecke, M.} and {Remazeilles, M.} and {Renzi, A.} and {Ristorcelli, I.} and {Rocha, G.} and {Rosset, C.} and {Rossetti, M.} and {Roudier, G.} and {Rubi\~no-Mart\'{\i}n, J. A.} and {Rusholme, B.} and {Sandri, M.} and {Santos, D.} and {Savelainen, M.} and {Scott, D.} and {Stolyarov, V.} and {Stompor, R.} and {Suur-Uski, A.-S.} and {Sygnet, J.-F.} and {Tauber, J. A.} and {Tavagnacco, D.} and {Terenzi, L.} and {Toffolatti, L.} and {Tomasi, M.} and {Tristram, M.} and {Tucci, M.} and {Umana, G.} and {Valenziano, L.} and {Valiviita, J.} and {Van Tent, B.} and {Vassallo, T.} and {Vielva, P.} and {Villa, F.} and {Wade, L. A.} and {Wandelt, B. D.} and {Watson, R.} and {Wehus, I. K.} and {Yvon, D.} and {Zacchei, A.} and {Zibin, J. P.} and {Zonca, A.}},
	title = {Planck 2015 results - III. LFI systematic uncertainties},
	DOI= "10.1051/0004-6361/201526998",
	url= "https://doi.org/10.1051/0004-6361/201526998",
	journal = {A\&A},
	year = 2016,
	volume = 594,
	pages = "A3",
}

@article{Lewis_2005,
  title = {Lensed CMB simulation and parameter estimation},
  author = {Lewis, Antony},
  journal = {Phys. Rev. D},
  volume = {71},
  issue = {8},
  pages = {083008},
  numpages = {9},
  year = {2005},
  month = {Apr},
  publisher = {American Physical Society},
  doi = {10.1103/PhysRevD.71.083008},
  url = {https://link.aps.org/doi/10.1103/PhysRevD.71.083008}
}

@article{hfisystematics,
   title={Planckintermediate results},
   volume={596},
   ISSN={1432-0746},
   url={http://dx.doi.org/10.1051/0004-6361/201628890},
   DOI={10.1051/0004-6361/201628890},
   journal={Astronomy \& Astrophysics},
   publisher={EDP Sciences},
   author={Aghanim, N. and Ashdown, M. and Aumont, J. and Baccigalupi, C. and Ballardini, M. and Banday, A. J. and Barreiro, R. B. and Bartolo, N. and Basak, S. and et al.},
   year={2016},
   month={Dec},
   pages={A107}
}

@article{ planckweirdness,
	author = {{Planck Collaboration} and {Ade, P. A. R.} and {Aghanim, N.} and {Armitage-Caplan, C.} and {Arnaud, M.} and {Ashdown, M.} and {Atrio-Barandela, F.} and {Aumont, J.} and {Baccigalupi, C.} and {Banday, A. J.} and {Barreiro, R. B.} and {Battaner, E.} and {Benabed, K.} and {Beno\^{\i}t, A.} and {Benoit-L\'evy, A.} and {Bernard, J.-P.} and {Bersanelli, M.} and {Bielewicz, P.} and {Bobin, J.} and {Bock, J. J.} and {Bond, J. R.} and {Borrill, J.} and {Bouchet, F. R.} and {Bowyer, J. W.} and {Bridges, M.} and {Bucher, M.} and {Burigana, C.} and {Cardoso, J.-F.} and {Catalano, A.} and {Challinor, A.} and {Chamballu, A.} and {Chary, R.-R.} and {Chiang, H. C.} and {Chiang, L.-Y} and {Christensen, P. R.} and {Church, S.} and {Clements, D. L.} and {Colombi, S.} and {Colombo, L. P. L.} and {Couchot, F.} and {Coulais, A.} and {Crill, B. P.} and {Curto, A.} and {Cuttaia, F.} and {Danese, L.} and {Davies, R. D.} and {de Bernardis, P.} and {de Rosa, A.} and {de Zotti, G.} and {Delabrouille, J.} and {Delouis, J.-M.} and {D\'esert, F.-X.} and {Diego, J. M.} and {Dole, H.} and {Donzelli, S.} and {Dor\'e, O.} and {Douspis, M.} and {Dunkley, J.} and {Dupac, X.} and {Efstathiou, G.} and {En\ss{}lin, T. A.} and {Eriksen, H. K.} and {Finelli, F.} and {Forni, O.} and {Frailis, M.} and {Fraisse, A. A.} and {Franceschi, E.} and {Galeotta, S.} and {Ganga, K.} and {Giard, M.} and {Giraud-H\'eraud, Y.} and {Gonz\'alez-Nuevo, J.} and {G\'orski, K. M.} and {Gratton, S.} and {Gregorio, A.} and {Gruppuso, A.} and {Gudmundsson, J. E.} and {Haissinski, J.} and {Hansen, F. K.} and {Hanson, D.} and {Harrison, D.} and {Henrot-Versill\'e, S.} and {Hern\'andez-Monteagudo, C.} and {Herranz, D.} and {Hildebrandt, S. R.} and {Hivon, E.} and {Hobson, M.} and {Holmes, W. A.} and {Hornstrup, A.} and {Hou, Z.} and {Hovest, W.} and {Huffenberger, K. M.} and {Jaffe, A. H.} and {Jaffe, T. R.} and {Jones, W. C.} and {Juvela, M.} and {Keih\"anen, E.} and {Keskitalo, R.} and {Kisner, T. S.} and {Kneissl, R.} and {Knoche, J.} and {Knox, L.} and {Kunz, M.} and {Kurki-Suonio, H.} and {Lagache, G.} and {Lamarre, J.-M.} and {Lasenby, A.} and {Laureijs, R. J.} and {Lawrence, C. R.} and {Leonardi, R.} and {Leroy, C.} and {Lesgourgues, J.} and {Liguori, M.} and {Lilje, P. B.} and {Linden-V\o{}rnle, M.} and {L\'opez-Caniego, M.} and {Lubin, P. M.} and {Mac\'{\i}as-P\'erez, J. F.} and {MacTavish, C. J.} and {Maffei, B.} and {Mandolesi, N.} and {Maris, M.} and {Marshall, D. J.} and {Martin, P. G.} and {Mart\'{\i}nez-Gonz\'alez, E.} and {Masi, S.} and {Massardi, M.} and {Matarrese, S.} and {Matsumura, T.} and {Matthai, F.} and {Mazzotta, P.} and {McGehee, P.} and {Melchiorri, A.} and {Mendes, L.} and {Mennella, A.} and {Migliaccio, M.} and {Mitra, S.} and {Miville-Desch\^enes, M.-A.} and {Moneti, A.} and {Montier, L.} and {Morgante, G.} and {Mortlock, D.} and {Munshi, D.} and {Murphy, J. A.} and {Naselsky, P.} and {Nati, F.} and {Natoli, P.} and {Netterfield, C. B.} and {N\o{}rgaard-Nielsen, H. U.} and {Noviello, F.} and {Novikov, D.} and {Novikov, I.} and {Osborne, S.} and {Oxborrow, C. A.} and {Paci, F.} and {Pagano, L.} and {Pajot, F.} and {Paoletti, D.} and {Pasian, F.} and {Patanchon, G.} and {Perdereau, O.} and {Perotto, L.} and {Perrotta, F.} and {Piacentini, F.} and {Piat, M.} and {Pierpaoli, E.} and {Pietrobon, D.} and {Plaszczynski, S.} and {Pointecouteau, E.} and {Polegre, A. M.} and {Polenta, G.} and {Ponthieu, N.} and {Popa, L.} and {Poutanen, T.} and {Pratt, G. W.} and {Pr\'ezeau, G.} and {Prunet, S.} and {Puget, J.-L.} and {Rachen, J. P.} and {Reinecke, M.} and {Remazeilles, M.} and {Renault, C.} and {Ricciardi, S.} and {Riller, T.} and {Ristorcelli, I.} and {Rocha, G.} and {Rosset, C.} and {Roudier, G.} and {Rowan-Robinson, M.} and {Rusholme, B.} and {Sandri, M.} and {Santos, D.} and {Sauv\'e, A.} and {Savini, G.} and {Scott, D.} and {Shellard, E. P. S.} and {Spencer, L. D.} and {Starck, J.-L.} and {Stolyarov, V.} and {Stompor, R.} and {Sudiwala, R.} and {Sureau, F.} and {Sutton, D.} and {Suur-Uski, A.-S.} and {Sygnet, J.-F.} and {Tauber, J. A.} and {Tavagnacco, D.} and {Terenzi, L.} and {Tomasi, M.} and {Tristram, M.} and {Tucci, M.} and {Umana, G.} and {Valenziano, L.} and {Valiviita, J.} and {Van Tent, B.} and {Vielva, P.} and {Villa, F.} and {Vittorio, N.} and {Wade, L. A.} and {Wandelt, B. D.} and {Yvon, D.} and {Zacchei, A.} and {Zonca, A.}},
	title = {Planck 2013 results. VII. HFI time response
          and beams},
	DOI= "10.1051/0004-6361/201321535",
	url= "https://doi.org/10.1051/0004-6361/201321535",
	journal = {A\&A},
	year = 2014,
	volume = 571,
	pages = "A7",
}

@article{radialapprox,
   title={Asymmetric Beams in Cosmic Microwave Background Anisotropy Experiments},
   volume={132},
   ISSN={1538-4365},
   url={http://dx.doi.org/10.1086/318947},
   DOI={10.1086/318947},
   number={1},
   journal={The Astrophysical Journal Supplement Series},
   publisher={American Astronomical Society},
   author={Wu, J. H. P. and Balbi, A. and Borrill, J. and Ferreira, P. G. and Hanany, S. and Jaffe, A. H. and Lee, A. T. and Oh, S. and Rabii, B. and Richards, P. L. and et al.},
   year={2001},
   month={Jan},
   pages={1–17}
}

@article{lfipixel,
   title={PLANCK LFI: Comparison between Galaxy Straylight Contamination and other
systematic effects},
   volume={373},
   ISSN={1432-0746},
   url={http://dx.doi.org/10.1051/0004-6361:20010538},
   DOI={10.1051/0004-6361:20010538},
   number={1},
   journal={Astronomy \& Astrophysics},
   publisher={EDP Sciences},
   author={Burigana, C. and Maino, D. and Górski, K. M. and Mandolesi, N. and Bersanelli, M. and Villa, F. and Valenziano, L. and Wandelt, B. D. and Maltoni, M. and Hivon, E.},
   year={2001},
   month={Jul},
   pages={345–358}
}

@ARTICLE{WMAP_sl,
       author = {{Barnes}, C. and {Hill}, R.~S. and {Hinshaw}, G. and {Page}, L. and {Bennett}, C.~L. and {Halpern}, M. and {Jarosik}, N. and {Kogut}, A. and {Limon}, M. and {Meyer}, S.~S. and {Tucker}, G.~S. and {Wollack}, E. and {Wright}, E.~L.},
        title = "{First-Year Wilkinson Microwave Anisotropy Probe (WMAP) Observations: Galactic Signal Contamination from Sidelobe Pickup}",
      journal = {\apjs},
     keywords = {Cosmology: Cosmic Microwave Background, Cosmology: Observations, Galaxy: Structure, Instrumentation: Miscellaneous, ISM: Structure, Methods: Data Analysis, Astrophysics},
         year = 2003,
        month = sep,
       volume = {148},
       number = {1},
        pages = {51-62},
          doi = {10.1086/377227},
archivePrefix = {arXiv},
       eprint = {astro-ph/0302215},
 primaryClass = {astro-ph},
       adsurl = {https://ui.adsabs.harvard.edu/abs/2003ApJS..148...51B},
      adsnote = {Provided by the SAO/NASA Astrophysics Data System}
}

@article{cobe_sl,
author = {Toral, Marco and Ratliff, Roger and Lecha, Maria and Maruschak, John and Bennett, Charles and Smoot, George},
year = {1989},
month = {03},
pages = {171 - 177},
title = {Measurements of Very Low-Sidelobe Conical Horn Antennas},
volume = {AP-37},
journal = {Antennas and Propagation, IEEE Transactions on},
doi = {10.1109/8.18703}
}

@article{ffp,
   title={Planck2015 results},
   volume={594},
   ISSN={1432-0746},
   url={http://dx.doi.org/10.1051/0004-6361/201527103},
   DOI={10.1051/0004-6361/201527103},
   journal={Astronomy \& Astrophysics},
   publisher={EDP Sciences},
   author={Ade, P. A. R. and Aghanim, N. and Arnaud, M. and Ashdown, M. and Aumont, J. and Baccigalupi, C. and Banday, A. J. and Barreiro, R. B. and Bartlett, J. G. and et al.},
   year={2016},
   month={Sep},
   pages={A12}
}

@article{LiteBIRD,
author = {Hazumi, M. and Ade, Peter and Akiba, Y. and Alonso, David and Arnold, Kamugisha and Aumont, Jonathan and Baccigalupi, Carlo and Barron, D. and Basak, Susanta and Beckman, Shawn and Borrill, J. and Boulanger, F. and Bucher, Martin and Calabrese, Erminia and Chinone, Y. and Cho, S. and Cukierman, A. and Curtis, D. and Haan, T.},
year = {2019},
month = {03},
pages = {443-452},
title = {LiteBIRD: A Satellite for the Studies of B-Mode Polarization and Inflation from Cosmic Background Radiation Detection},
volume = {194},
journal = {Journal of Low Temperature Physics},
doi = {10.1007/s10909-019-02150-5}
}