%%%%%%%%%%%%%%%%%%%%%%%
%%BeyondPlanck       %%
%%%%%%%%%%%%%%%%%%%%%%%

@article{Sugai_2020,
   title={Updated Design of the CMB Polarization Experiment Satellite LiteBIRD},
   volume={199},
   ISSN={1573-7357},
   url={http://dx.doi.org/10.1007/s10909-019-02329-w},
   DOI={10.1007/s10909-019-02329-w},
   number={3-4},
   journal={Journal of Low Temperature Physics},
   publisher={Springer Science and Business Media LLC},
   author={Sugai, H. and Ade, P. A. R. and Akiba, Y. and Alonso, D. and Arnold, K. and Aumont, J. and Austermann, J. and Baccigalupi, C. and Banday, A. J. and Banerji, R. and et al.},
   year={2020},
   month={Jan},
   pages={1107–1117}
}

@article{Suzuki_2018,
   title={The LiteBIRD Satellite Mission: Sub-Kelvin Instrument},
   volume={193},
   ISSN={1573-7357},
   url={http://dx.doi.org/10.1007/s10909-018-1947-7},
   DOI={10.1007/s10909-018-1947-7},
   number={5-6},
   journal={Journal of Low Temperature Physics},
   publisher={Springer Science and Business Media LLC},
   author={Suzuki, A. and Ade, P. A. R. and Akiba, Y. and Alonso, D. and Arnold, K. and Aumont, J. and Baccigalupi, C. and Barron, D. and Basak, S. and Beckman, S. and et al.},
   year={2018},
   month={May},
   pages={1048–1056}
}

@article{Guth_1981,
  title = {Inflationary universe: A possible solution to the horizon and flatness problems},
  author = {Guth, Alan H.},
  journal = {Phys. Rev. D},
  volume = {23},
  issue = {2},
  pages = {347--356},
  numpages = {0},
  year = {1981},
  month = {Jan},
  publisher = {American Physical Society},
  doi = {10.1103/PhysRevD.23.347},
  url = {https://link.aps.org/doi/10.1103/PhysRevD.23.347}
}


@ARTICLE{Starobinski_1979,
       author = {{Starobinski{\v{i}}}, A.~A.},
        title = "{Spectrum of relict gravitational radiation and the early state of the universe}",
      journal = {Soviet Journal of Experimental and Theoretical Physics Letters},
         year = 1979,
        month = dec,
       volume = {30},
        pages = {682},
       adsurl = {https://ui.adsabs.harvard.edu/abs/1979JETPL..30..682S},
      adsnote = {Provided by the SAO/NASA Astrophysics Data System}
}

@article{Tristram_2020,
   title={Planck constraints on the tensor-to-scalar ratio},
   ISSN={1432-0746},
   url={http://dx.doi.org/10.1051/0004-6361/202039585},
   DOI={10.1051/0004-6361/202039585},
   journal={Astronomy \& Astrophysics},
   publisher={EDP Sciences},
   author={Tristram, M. and Banday, A.J. and Gorski, K.M. and Keskitalo, R. and Lawrence, C.R. and Andersen, K.J. and Barreiro, R.B. and Borrill, J. and Eriksen, H.K. and Fernandez-Cobos, R. and et al.},
   year={2020},
   month={Dec}
}
