%% AME Citations
%---------------

@ARTICLE{Planck_2018_polarized_dust,
       author = {{Planck Collaboration}},
        title = "{Planck 2018 results. XII. Galactic astrophysics using polarized dust emission}",
      journal = {arXiv e-prints},
     keywords = {Astrophysics - Astrophysics of Galaxies},
         year = "2018",
        month = "Jul",
          eid = {arXiv:1807.06212},
        pages = {arXiv:1807.06212},
archivePrefix = {arXiv},
       eprint = {1807.06212},
 primaryClass = {astro-ph.GA},
       adsurl = {https://ui.adsabs.harvard.edu/abs/2018arXiv180706212P},
      adsnote = {Provided by the SAO/NASA Astrophysics Data System}
}

@ARTICLE{Kogut_AME,
   author = {{Kogut}, A. and {Banday}, A.~J. and {Bennett}, C.~L. and {Gorski}, K.~M. and 
  {Hinshaw}, G. and {Reach}, W.~T.},
    title = "{High-Latitude Galactic Emission in the COBE Differential Microwave Radiometer 2 Year Sky Maps}",
  journal = {\apj},
 keywords = {COSMOLOGY: COSMIC MICROWAVE BACKGROUND, ISM: DUST, EXTINCTION, RADIO CONTINUUM: ISM},
     year = 1996,
    month = mar,
   volume = 460,
    pages = {1},
      doi = {10.1086/176947},
   adsurl = {http://adsabs.harvard.edu/abs/1996ApJ...460....1K},
  adsnote = {Provided by the SAO/NASA Astrophysics Data System}
}

@ARTICLE{Oliveira-Costa_AME,
   author = {{de Oliveira-Costa}, A. and {Kogut}, A. and {Devlin}, M.~J. and 
  {Netterfield}, C.~B. and {Page}, L.~A. and {Wollack}, E.~J.},
    title = "{Galactic Microwave Emission at Degree Angular Scales}",
  journal = {\apjl},
   eprint = {astro-ph/9702172},
 keywords = {METHODS: DATA ANALYSIS, COSMOLOGY: COSMIC MICROWAVE BACKGROUND, Methods: Data Analysis, Cosmology: Cosmic Microwave Background},
     year = 1997,
    month = jun,
   volume = 482,
    pages = {L17-L20},
      doi = {10.1086/310684},
   adsurl = {http://adsabs.harvard.edu/abs/1997ApJ...482L..17D},
  adsnote = {Provided by the SAO/NASA Astrophysics Data System}
}

@article{Draine_1998,
  doi = {10.1086/306387},
  url = {https://doi.org/10.1086%2F306387},
  year = 1998,
  month = {nov},
  publisher = {{IOP} Publishing},
  volume = {508},
  number = {1},
  pages = {157--179},
  author = {B.~T. Draine and A. Lazarian},
  title = {Electric Dipole Radiation from Spinning Dust Grains},
  journal = {The Astrophysical Journal}
}

@article{Draine_1999,
  doi = {10.1086/306809},
  url = {https://doi.org/10.1086%2F306809},
  year = 1999,
  month = {feb},
  publisher = {{IOP} Publishing},
  volume = {512},
  number = {2},
  pages = {740--754},
  author = {B. T. Draine and A. Lazarian},
  title = {Magnetic Dipole Microwave Emission from Dust Grains},
  journal = {The Astrophysical Journal}
}

@article{Draine_2013,
  doi = {10.1088/0004-637x/765/2/159},
  url = {https://doi.org/10.1088%2F0004-637x%2F765%2F2%2F159},
  year = 2013,
  month = {feb},
  publisher = {{IOP} Publishing},
  volume = {765},
  number = {2},
  pages = {159},
  author = {B. T. Draine and Brandon Hensley},
  title = {{MAGNETIC} {NANOPARTICLES} {IN} {THE} {INTERSTELLAR} {MEDIUM}: {EMISSION} {SPECTRUM} {AND} {POLARIZATION}},
  journal = {The Astrophysical Journal}
}

@article{Draine_2016,
  doi = {10.3847/0004-637x/831/1/59},
  url = {https://doi.org/10.3847%2F0004-637x%2F831%2F1%2F59},
  year = 2016,
  month = {oct},
  publisher = {American Astronomical Society},
  volume = {831},
  number = {1},
  pages = {59},
  author = {B. T. Draine and Brandon S. Hensley},
  title = {{QUANTUM} {SUPPRESSION} {OF} {ALIGNMENT} {IN} {ULTRASMALL} {GRAINS}: {MICROWAVE} {EMISSION} {FROM} {SPINNING} {DUST} {WILL} {BE} {NEGLIGIBLY} {POLARIZED}},
  journal = {The Astrophysical Journal}
}

@article{Silsbee_2011,
    author = {Silsbee, Kedron and Ali-Ha√Ømoud, Yacine and Hirata, Christopher M.},
    title = "{Spinning dust emission: the effect of rotation around a non-principal axis}",
    journal = {Monthly Notices of the Royal Astronomical Society},
    volume = {411},
    number = {4},
    pages = {2750-2769},
    year = {2011},
    month = {03},
    issn = {0035-8711},
    doi = {10.1111/j.1365-2966.2010.17882.x},
    url = {https://doi.org/10.1111/j.1365-2966.2010.17882.x},
    eprint = {http://oup.prod.sis.lan/mnras/article-pdf/411/4/2750/3056990/mnras0411-2750.pdf},
}

@article{Hoang_2010,
  doi = {10.1088/0004-637x/715/2/1462},
  url = {https://doi.org/10.1088%2F0004-637x%2F715%2F2%2F1462},
  year = 2010,
  month = {may},
  publisher = {{IOP} Publishing},
  volume = {715},
  number = {2},
  pages = {1462--1485},
  author = {Thiem Hoang and B. T. Draine and A. Lazarian},
  title = {{IMPROVING} {THE} {MODEL} {OF} {EMISSION} {FROM} {SPINNING} {DUST}: {EFFECTS} {OF} {GRAIN} {WOBBLING} {AND} {TRANSIENT} {SPIN}-{UP}},
  journal = {The Astrophysical Journal}
}

@article{Hoang_2016,
  doi = {10.3847/0004-637x/824/1/18},
  url = {https://doi.org/10.3847%2F0004-637x%2F824%2F1%2F18},
  year = 2016,
  month = {jun},
  publisher = {American Astronomical Society},
  volume = {824},
  number = {1},
  pages = {18},
  author = {Thiem Hoang and Nguyen-Anh Vinh and Nguyen Quynh Lan},
  title = {{SPINNING} {DUST} {EMISSION} {FROM} {ULTRA}-{SMALL} {SILICATES}: {EMISSIVITY} {AND} {POLARIZATION} {SPECTRUM}},
  journal = {The Astrophysical Journal}
}

@ARTICLE{QUIJOTE_I,
       author = {{G{\'e}nova-Santos}, R. and {Rubi{\~n}o-Mart{\'\i}n}, J.~A. and
         {Rebolo}, R. and {Pel{\'a}ez-Santos}, A. and
         {L{\'o}pez-Caraballo}, C.~H. and {Harper}, S. and {Watson}, R.~A. and
         {Ashdown}, M. and {Barreiro}, R.~B. and {Casaponsa}, B. and
         {Dickinson}, C. and {Diego}, J.~M. and {Fern{\'a}ndez-Cobos}, R. and
         {Grainge}, K.~J.~B. and {Guti{\'e}rrez}, C.~M. and {Herranz}, D. and
         {Hoyland}, R. and {Lasenby}, A. and {L{\'o}pez-Caniego}, M. and
         {Mart{\'\i}nez-Gonz{\'a}lez}, E. and {McCulloch}, M. and
         {Melhuish}, S. and {Piccirillo}, L. and {Perrott}, Y.~C. and
         {Poidevin}, F. and {Razavi-Ghods}, N. and {Scott}, P.~F. and
         {Titterington}, D. and {Tramonte}, D. and {Vielva}, P. and
         {Vignaga}, R.},
        title = "{QUIJOTE scientific results - I. Measurements of the intensity and polarisation of the anomalous microwave emission in the Perseus molecular complex}",
      journal = {\mnras},
     keywords = {radiation mechanisms: general, ISM: individual objects: G159.6-18.5, diffuse radiation, radio continuum: ISM, Astrophysics - Astrophysics of Galaxies, Astrophysics - Cosmology and Nongalactic Astrophysics},
         year = "2015",
        month = "Oct",
       volume = {452},
       number = {4},
        pages = {4169-4182},
          doi = {10.1093/mnras/stv1405},
archivePrefix = {arXiv},
       eprint = {1501.04491},
 primaryClass = {astro-ph.GA},
       adsurl = {https://ui.adsabs.harvard.edu/abs/2015MNRAS.452.4169G},
      adsnote = {Provided by the SAO/NASA Astrophysics Data System}
}

@ARTICLE{QUIJOTE_II,
       author = {{G{\'e}nova-Santos}, R. and {Rubi{\~n}o-Mart{\'\i}n}, J.~A. and
         {Pel{\'a}ez-Santos}, A. and {Poidevin}, F. and {Rebolo}, R. and
         {Vignaga}, R. and {Artal}, E. and {Harper}, S. and {Hoyland}, R. and
         {Lasenby}, A. and {Mart{\'\i}nez-Gonz{\'a}lez}, E. and
         {Piccirillo}, L. and {Tramonte}, D. and {Watson}, R.~A.},
        title = "{QUIJOTE scientific results - II. Polarisation measurements of the microwave emission in the Galactic molecular complexes W43 and W47 and supernova remnant W44}",
      journal = {\mnras},
     keywords = {radiation mechanisms: general, ISM: individual objects: W43, W44, W47, diffuse radiation, radio continuum: ISM, Astrophysics - Astrophysics of Galaxies, Astrophysics - Cosmology and Nongalactic Astrophysics},
         year = "2017",
        month = "Feb",
       volume = {464},
       number = {4},
        pages = {4107-4132},
          doi = {10.1093/mnras/stw2503},
archivePrefix = {arXiv},
       eprint = {1605.04741},
 primaryClass = {astro-ph.GA},
       adsurl = {https://ui.adsabs.harvard.edu/abs/2017MNRAS.464.4107G},
      adsnote = {Provided by the SAO/NASA Astrophysics Data System}
}

@ARTICLE{Haslam_2015,
   author = {{Remazeilles}, M. and {Dickinson}, C. and {Banday}, A.~J. and 
	{Bigot-Sazy}, M.-A. and {Ghosh}, T.},
    title = "{An improved source-subtracted and destriped 408-MHz all-sky map}",
  journal = {\mnras},
archivePrefix = "arXiv",
   eprint = {1411.3628},
 primaryClass = "astro-ph.IM",
 keywords = {methods: data analysis, techniques: image processing, diffuse radiation, radio continuum: general},
     year = 2015,
    month = aug,
   volume = 451,
    pages = {4311-4327},
      doi = {10.1093/mnras/stv1274},
   adsurl = {http://adsabs.harvard.edu/abs/2015MNRAS.451.4311R},
  adsnote = {Provided by the SAO/NASA Astrophysics Data System}
}

@ARTICLE{Haslam_1982,
   author = {{Haslam}, C.~G.~T. and {Salter}, C.~J. and {Stoffel}, H. and 
	{Wilson}, W.~E.},
    title = "{A 408 MHz all-sky continuum survey. II - The atlas of contour maps}",
  journal = {\aaps},
 keywords = {Astronomical Maps, Radio Astronomy, Ultrahigh Frequencies, Galactic Structure, Radio Telescopes, Relief Maps},
     year = 1982,
    month = jan,
   volume = 47,
    pages = {1},
   adsurl = {http://adsabs.harvard.edu/abs/1982A%26AS...47....1H},
  adsnote = {Provided by the SAO/NASA Astrophysics Data System}
}

@unpublished{CG_method,
	title = "{An Introduction to the Conjugate Gradient Method Without the Agonizing Pain}",
	author = {Jonathan Richard Shewchuk},
	year = {1994},
	note = {Taken from Carnegie Mellon University School of Computer Science "quake papers".},
}

@ARTICLE{Remazeilles_2016,
       author = {{Remazeilles}, M. and {Dickinson}, C. and {Eriksen}, H.~K.~K. and
         {Wehus}, I.~K.},
        title = "{Sensitivity and foreground modelling for large-scale cosmic microwave background B-mode polarization satellite missions}",
      journal = {\mnras},
     keywords = {polarization, methods: analytical, cosmic background radiation, diffuse radiation, early Universe, inflation, Astrophysics - Cosmology and Nongalactic Astrophysics},
         year = 2016,
        month = may,
       volume = {458},
       number = {2},
        pages = {2032-2050},
          doi = {10.1093/mnras/stw441},
archivePrefix = {arXiv},
       eprint = {1509.04714},
 primaryClass = {astro-ph.CO},
       adsurl = {https://ui.adsabs.harvard.edu/abs/2016MNRAS.458.2032R},
      adsnote = {Provided by the SAO/NASA Astrophysics Data System}
}

@ARTICLE{Macellari_2011,
       author = {{Macellari}, N. and {Pierpaoli}, E. and {Dickinson}, C. and
         {Vaillancourt}, J.~E.},
        title = "{Galactic foreground contributions to the 5-year Wilkinson Microwave Anisotropy Probe maps}",
      journal = {\mnras},
     keywords = {polarization, ISM: general, Galaxy: general, cosmic background radiation, diffuse radiation, radio continuum: ISM, Astrophysics - Astrophysics of Galaxies, Astrophysics - Cosmology and Nongalactic Astrophysics},
         year = 2011,
        month = dec,
       volume = {418},
       number = {2},
        pages = {888-905},
          doi = {10.1111/j.1365-2966.2011.19542.x},
archivePrefix = {arXiv},
       eprint = {1108.0205},
 primaryClass = {astro-ph.GA},
       adsurl = {https://ui.adsabs.harvard.edu/abs/2011MNRAS.418..888M},
      adsnote = {Provided by the SAO/NASA Astrophysics Data System}
}

@ARTICLE{lambdaO_cbass_quijote,
       author = {{Cepeda-Arroita}, R. and {Harper}, S.~E. and {Dickinson}, C. and {Rubi{\~n}o-Mart{\'\i}n}, J.~A. and {G{\'e}nova-Santos}, R.~T. and {Taylor}, Angela C. and {Pearson}, T.~J. and {Ashdown}, M. and {Barr}, A. and {Barreiro}, R.~B. and {Casaponsa}, B. and {Casas}, F.~J. and {Chiang}, H.~C. and {Fernandez-Cobos}, R. and {Grumitt}, R.~D.~P. and {Guidi}, F. and {Heilgendorff}, H.~M. and {Herranz}, D. and {Jew}, L.~R.~P. and {Jonas}, J.~L. and {Jones}, Michael E. and {Lasenby}, A. and {Leech}, J. and {Leahy}, J.~P. and {Mart{\'\i}nez-Gonz{\'a}lez}, E. and {Peel}, M.~W. and {Piccirillo}, L. and {Poidevin}, F. and {Readhead}, A.~C.~S. and {Rebolo}, R. and {Ruiz-Granados}, B. and {Sievers}, J. and {Vansyngel}, F. and {Vielva}, P. and {Watson}, R.~A.},
        title = "{Detection of spectral variations of Anomalous Microwave Emission with QUIJOTE and C-BASS}",
      journal = {\mnras},
     keywords = {radiation mechanisms: non-thermal, radiation mechanisms: thermal, surveys, diffuse radiation, radio continuum: ISM, Astrophysics - Astrophysics of Galaxies, Astrophysics - Cosmology and Nongalactic Astrophysics},
         year = 2021,
        month = may,
       volume = {503},
       number = {2},
        pages = {2927-2943},
          doi = {10.1093/mnras/stab583},
archivePrefix = {arXiv},
       eprint = {2001.07159},
 primaryClass = {astro-ph.GA},
       adsurl = {https://ui.adsabs.harvard.edu/abs/2021MNRAS.503.2927C},
      adsnote = {Provided by the SAO/NASA Astrophysics Data System}
}

@ARTICLE{arce-tord2020,
       author = {{Arce-Tord}, Carla and {Vidal}, Matias and {Casassus}, Simon and {C{\'a}rcamo}, Miguel and {Dickinson}, Clive and {Hensley}, Brandon S. and {G{\'e}nova-Santos}, Ricardo and {Bond}, J. Richard and {Jones}, Michael E. and {Readhead}, Anthony C.~S. and {Taylor}, Angela C. and {Zensus}, J. Anton},
        title = "{Resolved observations at 31 GHz of spinning dust emissivity variations in {\ensuremath{\rho}} Oph}",
      journal = {\mnras},
     keywords = {radiation mechanisms: general, ISM: clouds, dust, extinction, ISM: individual objects: {\ensuremath{\rho}} Oph, photodissociation region, radio continuum: ISM, Astrophysics - Astrophysics of Galaxies},
         year = 2020,
        month = jan,
       volume = {495},
       number = {3},
        pages = {3482-3493},
          doi = {10.1093/mnras/staa1422},
archivePrefix = {arXiv},
       eprint = {1910.06359},
 primaryClass = {astro-ph.GA},
       adsurl = {https://ui.adsabs.harvard.edu/abs/2020MNRAS.495.3482A},
      adsnote = {Provided by the SAO/NASA Astrophysics Data System}
}



@ARTICLE{casassus2008,
       author = {{Casassus}, Simon and {Dickinson}, Clive and {Cleary}, Kieran and {Paladini}, Roberta and {Etxaluze}, Mireya and {Lim}, Tanya and {White}, Glenn J. and {Burton}, Michael and {Indermuehle}, Balt and {Stahl}, Otmar and {Roche}, Patrick},
        title = "{Centimetre-wave continuum radiation from the {\ensuremath{\rho}} Ophiuchi molecular cloud}",
      journal = {\mnras},
     keywords = {radiation mechanisms: general, ISM: clouds, radio continuum: general, radio continuum: ISM, submillimetre, Astrophysics},
         year = 2008,
        month = dec,
       volume = {391},
       number = {3},
        pages = {1075-1090},
          doi = {10.1111/j.1365-2966.2008.13954.x},
archivePrefix = {arXiv},
       eprint = {0809.3965},
 primaryClass = {astro-ph},
       adsurl = {https://ui.adsabs.harvard.edu/abs/2008MNRAS.391.1075C},
      adsnote = {Provided by the SAO/NASA Astrophysics Data System}
}



@ARTICLE{planck_ame2015,
       author = {{Planck Collaboration}},
        title = "{Planck intermediate results. XV. A study of anomalous microwave emission in Galactic clouds}",
      journal = {\aap},
     keywords = {HII regions, radiation mechanisms: general, radio continuum: ISM, submillimeter: ISM, Astrophysics - Astrophysics of Galaxies},
         year = 2014,
        month = may,
       volume = {565},
          eid = {A103},
        pages = {A103},
          doi = {10.1051/0004-6361/201322612},
archivePrefix = {arXiv},
       eprint = {1309.1357},
 primaryClass = {astro-ph.GA},
       adsurl = {https://ui.adsabs.harvard.edu/abs/2014A&A...565A.103P},
      adsnote = {Provided by the SAO/NASA Astrophysics Data System}
}



@ARTICLE{battistelli2019,
       author = {{Battistelli}, E.~S. and {Fatigoni}, S. and {Murgia}, M. and {Buzzelli}, A. and {Carretti}, E. and {Castangia}, P. and {Concu}, R. and {Cruciani}, A. and {de Bernardis}, P. and {Genova-Santos}, R. and {Govoni}, F. and {Guidi}, F. and {Lamagna}, L. and {Luzzi}, G. and {Masi}, S. and {Melis}, A. and {Paladini}, R. and {Piacentini}, F. and {Poppi}, S. and {Radiconi}, F. and {Rebolo}, R. and {Rubino-Martin}, J.~A. and {Tarchi}, A. and {Vacca}, V.},
        title = "{Strong Evidence of Anomalous Microwave Emission from the Flux Density Spectrum of M31}",
      journal = {\apjl},
     keywords = {galaxies: individual: M31, galaxies: ISM, galaxies: photometry, Astrophysics - Astrophysics of Galaxies, General Relativity and Quantum Cosmology},
         year = 2019,
        month = jun,
       volume = {877},
       number = {2},
          eid = {L31},
        pages = {L31},
          doi = {10.3847/2041-8213/ab21de},
archivePrefix = {arXiv},
       eprint = {1905.12276},
 primaryClass = {astro-ph.GA},
       adsurl = {https://ui.adsabs.harvard.edu/abs/2019ApJ...877L..31B},
      adsnote = {Provided by the SAO/NASA Astrophysics Data System}
}



@ARTICLE{Murphy2018,
       author = {{Murphy}, E.~J. and {Linden}, S.~T. and {Dong}, D. and {Hensley}, B.~S. and {Momjian}, E. and {Helou}, G. and {Evans}, A.~S.},
        title = "{A New Detection of Extragalactic Anomalous Microwave Emission in a Compact, Optically Faint Region of NGC 4725}",
      journal = {\apj},
     keywords = {dust, extinction, galaxies: individual: NGC 4725, H ii regions, radio continuum: general, stars: formation, Astrophysics - Astrophysics of Galaxies},
         year = 2018,
        month = jul,
       volume = {862},
       number = {1},
          eid = {20},
        pages = {20},
          doi = {10.3847/1538-4357/aac5f5},
archivePrefix = {arXiv},
       eprint = {1805.05965},
 primaryClass = {astro-ph.GA},
       adsurl = {https://ui.adsabs.harvard.edu/abs/2018ApJ...862...20M},
      adsnote = {Provided by the SAO/NASA Astrophysics Data System}
}



@ARTICLE{2020arXiv201103060M,
       author = {{Murphy}, E.~J. and {Hensley}, B.~S. and {Linden}, S.~T. and
         {Draine}, B.~T. and {Dong}, D. and {Momjian}, E. and {Helou}, G. and
         {Evans}, A.~S.},
        title = "{Where's the Dust?: The Deepening Anomaly of Microwave Emission in NGC 4725 B}",
      journal = {arXiv e-prints},
     keywords = {Astrophysics - Astrophysics of Galaxies},
         year = 2020,
        month = nov,
          eid = {arXiv:2011.03060},
        pages = {arXiv:2011.03060},
archivePrefix = {arXiv},
       eprint = {2011.03060},
 primaryClass = {astro-ph.GA},
       adsurl = {https://ui.adsabs.harvard.edu/abs/2020arXiv201103060M},
      adsnote = {Provided by the SAO/NASA Astrophysics Data System}
}

@ARTICLE{AME_state_of_play,
       author = {{Dickinson}, Clive and {Ali-Ha{\"\i}moud}, Y. and {Barr}, A. and {Battistelli}, E.~S. and {Bell}, A. and {Bernstein}, L. and {Casassus}, S. and {Cleary}, K. and {Draine}, B.~T. and {G{\'e}nova-Santos}, R. and {Harper}, S.~E. and {Hensley}, B. and {Hill-Valler}, J. and {Hoang}, Thiem and {Israel}, F.~P. and {Jew}, L. and {Lazarian}, A. and {Leahy}, J.~P. and {Leech}, J. and {L{\'o}pez-Caraballo}, C.~H. and {McDonald}, I. and {Murphy}, E.~J. and {Onaka}, T. and {Paladini}, R. and {Peel}, M.~W. and {Perrott}, Y. and {Poidevin}, F. and {Readhead}, A.~C.~S. and {Rubi{\~n}o-Mart{\'\i}n}, J. -A. and {Taylor}, A.~C. and {Tibbs}, C.~T. and {Todorovi{\'c}}, M. and {Vidal}, Matias},
        title = "{The State-of-Play of Anomalous Microwave Emission (AME) research}",
      journal = {\nar},
     keywords = {Radiation mechanisms, Spinning dust, Diffuse radiation, Radio continuum, Cosmic microwave background, Interstellar medium, Astrophysics - Astrophysics of Galaxies},
         year = 2018,
        month = feb,
       volume = {80},
        pages = {1-28},
          doi = {10.1016/j.newar.2018.02.001},
archivePrefix = {arXiv},
       eprint = {1802.08073},
 primaryClass = {astro-ph.GA},
       adsurl = {https://ui.adsabs.harvard.edu/abs/2018NewAR..80....1D},
      adsnote = {Provided by the SAO/NASA Astrophysics Data System}
}

@article{Murphy_2010,
        doi = {10.1088/2041-8205/709/2/l108},
        url = {https://doi.org/10.1088/2041-8205/709/2/l108},
        year = 2010,
        month = {jan},
        publisher = {American Astronomical Society},
        volume = {709},
        number = {2},
        pages = {L108--L113},
        author = {E. J. Murphy and G. Helou and J. J. Condon and E. Schinnerer and J. L. Turner and R. Beck and B. S. Mason and R.-R. Chary and L. Armus},
        title = {{THE} {DETECTION} {OF} {ANOMALOUS} {DUST} {EMISSION} {IN} {THE} {NEARBY} {GALAXY} {NGC} 6946},
        journal = {The Astrophysical Journal},
        abstract = {We report on the Ka-band (26‚Äì40 GHz) emission properties for 10 star-forming regions in the nearby galaxy NGC 6946. From a radio spectral decomposition, we find that the 33 GHz flux densities are typically dominated by thermal (free‚Äìfree) radiation. However, we also detect excess Ka-band emission for an outer-disk star-forming region relative to what is expected given existing radio, submillimeter, and infrared data. Among the 10 targeted regions, measurable excess emission at 33 GHz is detected for half of them, but in only one region is the excess found to be statistically significant (‚âà7œÉ). We interpret this as the first likely detection of so-called ‚Äúanomalous‚Äù dust emission outside of the Milky Way. We find that models explaining this feature as the result of dipole emission from rapidly rotating ultrasmall grains are able to reproduce the observations for reasonable interstellar medium conditions. While these results suggest that the use of Ka-band data as a measure of star formation activity in external galaxies may be complicated by the presence of anomalous dust, it is unclear how significant a factor this will be for globally integrated measurements as the excess emission accounts for ‚â≤10\% of the total Ka-band flux density from all 10 regions.}
}

@ARTICLE{ysard+,
       author = {{Ysard}, N. and {Miville-Desch{\^e}nes}, M.~A. and {Verstraete}, L.},
        title = "{Probing the origin of the microwave anomalous foreground}",
      journal = {\aap},
     keywords = {dust, extinction, ISM: general, Astrophysics - Astrophysics of Galaxies},
         year = 2010,
        month = jan,
       volume = {509},
          eid = {L1},
        pages = {L1},
          doi = {10.1051/0004-6361/200912715},
archivePrefix = {arXiv},
       eprint = {0906.3360},
 primaryClass = {astro-ph.GA},
       adsurl = {https://ui.adsabs.harvard.edu/abs/2010A&A...509L...1Y},
      adsnote = {Provided by the SAO/NASA Astrophysics Data System}
}

@ARTICLE{Hensley21,
       author = {{Hensley}, Brandon S. and {Murray}, Claire E. and {Dodici}, Mark},
        title = "{Polycyclic Aromatic Hydrocarbons, the Anomalous Microwave Emission, and Their Connection to the Cold Neutral Medium}",
      journal = {arXiv e-prints},
     keywords = {Astrophysics - Astrophysics of Galaxies},
         year = 2021
}

@ARTICLE{vsa_ame,
       author = {{Tibbs}, Christopher T. and {Watson}, Robert A. and {Dickinson}, Clive and {Davies}, Rodney D. and {Davis}, Richard J. and {Buckmaster}, Simon and {Del Burgo}, Carlos and {Franzen}, Thomas M.~O. and {G{\'e}nova-Santos}, Ricardo and {Grainge}, Keith and {Hobson}, Michael P. and {Padilla-Torres}, Carmen P. and {Rebolo}, Rafael and {Rubi{\~n}o-Mart{\'\i}n}, Jos{\'e} Alberto and {Saunders}, Richard D.~E. and {Scaife}, Anna M.~M. and {Scott}, Paul F.},
        title = "{Very Small Array observations of the anomalous microwave emission in the Perseus region}",
      journal = {\mnras},
     keywords = {radiation mechanisms: general, ISM: clouds, dust, extinction, ISM: individual: G159.6-18.5, radio continuum: ISM, Astrophysics - Astrophysics of Galaxies},
         year = 2010,
        month = mar,
       volume = {402},
       number = {3},
        pages = {1969-1979},
          doi = {10.1111/j.1365-2966.2009.16023.x},
archivePrefix = {arXiv},
       eprint = {0909.4682},
 primaryClass = {astro-ph.GA},
       adsurl = {https://ui.adsabs.harvard.edu/abs/2010MNRAS.402.1969T},
      adsnote = {Provided by the SAO/NASA Astrophysics Data System}
}



@article{planck_low_freq_2015,
   title={Planck2015 results},
   volume={594},
   ISSN={1432-0746},
   url={http://dx.doi.org/10.1051/0004-6361/201526803},
   DOI={10.1051/0004-6361/201526803},
   journal={\aap},
   publisher={EDP Sciences},
   author={{Planck Collaboration}},
   year={2016},
   month={Sep},
   pages={A25}
}


@book{rybicki_lightman,
      author        = "Rybicki, George B and Lightman, Alan P",
      title         = "{Radiative Processes in Astrophysics}",
      publisher     = "Wiley",
      address       = "New York, NY",
      year          = "1985",
      url           = "https://cds.cern.ch/record/847173",
      doi           = "10.1002/9783527618170",
}

@ARTICLE{pma2,
       author = {{Montier}, L. and {Plaszczynski}, S. and {Levrier}, F. and {Tristram}, M. and {Alina}, D. and {Ristorcelli}, I. and {Bernard}, J. -P. and {Guillet}, V.},
        title = "{Polarization measurement analysis. II. Best estimators of polarization fraction and angle}",
      journal = {\aap},
     keywords = {polarization, methods: data analysis, methods: statistical, Astrophysics - Instrumentation and Methods for Astrophysics},
         year = 2015,
        month = feb,
       volume = {574},
          eid = {A136},
        pages = {A136},
          doi = {10.1051/0004-6361/201424451},
archivePrefix = {arXiv},
       eprint = {1407.0178},
 primaryClass = {astro-ph.IM},
       adsurl = {https://ui.adsabs.harvard.edu/abs/2015A&A...574A.136M},
      adsnote = {Provided by the SAO/NASA Astrophysics Data System}
}

@article{Zonca2019,
  doi = {10.21105/joss.01298},
  url = {https://doi.org/10.21105/joss.01298},
  year = {2019},
  month = mar,
  publisher = {The Open Journal},
  volume = {4},
  number = {35},
  pages = {1298},
  author = {Andrea Zonca and Leo Singer and Daniel Lenz and Martin Reinecke and Cyrille Rosset and Eric Hivon and Krzysztof Gorski},
  title = {healpy: equal area pixelization and spherical harmonics transforms for data on the sphere in Python},
  journal = {Journal of Open Source Software}
}

@misc{genovasantos2015,
      title={The QUIJOTE experiment: project overview and first results}, 
      author={R. G√©nova-Santos and J. A. Rubi√±o-Mart√≠n and R. Rebolo and M. Aguiar and F. G√≥mez-Re√±asco and C. Guti√©rrez and R. J. Hoyland and C. L√≥pez-Caraballo and A. E. Pel√°ez-Santos and M. R. P√©rez de Taoro and F. Poidevin and V. S√°nchez de la Rosa and D. Tramonte and A. Vega-Moreno and T. Viera-Curbelo and R. Vignaga and E. Mart√≠nez-Gonz√°lez and R. B. Barreiro and B. Casaponsa and F. J. Casas and J. M. Diego and R. Fern√°ndez-Cobos and D. Herranz and M. L√≥pez-Caniego and D. Ortiz and P. Vielva and E. Artal and B. Aja and J. Cagigas and J. L. Cano and L. de la Fuente and A. Mediavilla and J. V. Ter√°n and E. Villa and L. Piccirillo and Davies and R. J. Davis and C. Dickinson and K. Grainge and S. Harper and B. Maffei and M. McCulloch and S. Melhuish and G. Pisano and R. A. Watson and A. Lasenby and M. Ashdown and M. Hobson and Y. Perrott and N. Razavi-Ghods and R. Saunders and D. Titterington and P. Scott},
      year={2015},
      eprint={1504.03514},
      archivePrefix={arXiv},
      primaryClass={astro-ph.CO}
}

@ARTICLE{lambdaO_AME,
       author = {{Bell}, Aaron C. and {Onaka}, Takashi and {Galliano}, Fr{\'e}d{\'e}ric and {Wu}, Ronin and {Doi}, Yasuo and {Kaneda}, Hidehiro and {Ishihara}, Daisuke and {Giard}, Martin},
        title = "{Investigation of the origin of the anomalous microwave emission in Lambda Orionis}",
      journal = {\pasj},
     keywords = {dust, extinction{\textemdash} infrared: ISM, ISM: general, radiation mechanisms: general, radio continuum: ISM, Astrophysics - Astrophysics of Galaxies},
         year = 2019,
        month = dec,
       volume = {71},
       number = {6},
          eid = {123},
        pages = {123},
          doi = {10.1093/pasj/psz110},
archivePrefix = {arXiv},
       eprint = {1910.01265},
 primaryClass = {astro-ph.GA},
       adsurl = {https://ui.adsabs.harvard.edu/abs/2019PASJ...71..123B},
      adsnote = {Provided by the SAO/NASA Astrophysics Data System}
}

@article{wmap_nine_year_final,
   title={NINE-YEAR
                    WILKINSON MICROWAVE ANISOTROPY PROBE
                    (
                    WMAP
                    ) OBSERVATIONS: FINAL MAPS AND RESULTS},
   volume={208},
   ISSN={1538-4365},
   url={http://dx.doi.org/10.1088/0067-0049/208/2/20},
   DOI={10.1088/0067-0049/208/2/20},
   number={2},
   journal={The Astrophysical Journal Supplement Series},
   publisher={American Astronomical Society},
   author={Bennett, C. L. and Larson, D. and Weiland, J. L. and Jarosik, N. and Hinshaw, G. and Odegard, N. and Smith, K. M. and Hill, R. S. and Gold, B. and Halpern, M. and Komatsu, E. and Nolta, M. R. and Page, L. and Spergel, D. N. and Wollack, E. and Dunkley, J. and Kogut, A. and Limon, M. and Meyer, S. S. and Tucker, G. S. and Wright, E. L.},
   year={2013},
   month={Sep},
   pages={20} }

@ARTICLE{dunkley_2009,
       author = {{Dunkley}, J. and {Spergel}, D.~N. and {Komatsu}, E. and {Hinshaw}, G. and {Larson}, D. and {Nolta}, M.~R. and {Odegard}, N. and {Page}, L. and {Bennett}, C.~L. and {Gold}, B. and {Hill}, R.~S. and {Jarosik}, N. and {Weiland}, J.~L. and {Halpern}, M. and {Kogut}, A. and {Limon}, M. and {Meyer}, S.~S. and {Tucker}, G.~S. and {Wollack}, E. and {Wright}, E.~L.},
        title = "{Five-Year Wilkinson Microwave Anisotropy Probe (WMAP) Observations: Bayesian Estimation of Cosmic Microwave Background Polarization Maps}",
      journal = {\apj},
     keywords = {cosmic microwave background, cosmology: observations, methods: statistical, polarization, radio continuum: ISM, Astrophysics},
         year = 2009,
        month = aug,
       volume = {701},
       number = {2},
        pages = {1804-1813},
          doi = {10.1088/0004-637X/701/2/1804},
archivePrefix = {arXiv},
       eprint = {0811.4280},
 primaryClass = {astro-ph},
       adsurl = {https://ui.adsabs.harvard.edu/abs/2009ApJ...701.1804D},
      adsnote = {Provided by the SAO/NASA Astrophysics Data System}
}

@ARTICLE{hoang_2013,
       author = {{Hoang}, Thiem and {Lazarian}, A. and {Martin}, P.~G.},
        title = "{Constraint on the Polarization of Electric Dipole Emission from Spinning Dust}",
      journal = {\apj},
     keywords = {cosmic background radiation, diffuse radiation, dust, extinction, polarization, radiation mechanisms: non-thermal, radio continuum: ISM, Astrophysics - Astrophysics of Galaxies, Astrophysics - Cosmology and Nongalactic Astrophysics},
         year = 2013,
        month = dec,
       volume = {779},
       number = {2},
          eid = {152},
        pages = {152},
          doi = {10.1088/0004-637X/779/2/152},
archivePrefix = {arXiv},
       eprint = {1305.0276},
 primaryClass = {astro-ph.GA},
       adsurl = {https://ui.adsabs.harvard.edu/abs/2013ApJ...779..152H},
      adsnote = {Provided by the SAO/NASA Astrophysics Data System}
}

@article{Clark_2019,
        doi = {10.3847/1538-4357/ab5803},
        url = {https://doi.org/10.3847/1538-4357/ab5803},
        year = 2019,
        month = {dec},
        publisher = {American Astronomical Society},
        volume = {887},
        number = {2},
        pages = {136},
        author = {S. E. Clark and Brandon S. Hensley},
        title = {Mapping the Magnetic Interstellar Medium in Three Dimensions over the Full Sky with Neutral Hydrogen},
        journal = {The Astrophysical Journal},
}

@ARTICLE{bob2005,
       author = {{Watson}, R.~A. and {Rebolo}, R. and {Rubi{\~n}o-Mart{\'\i}n}, J.~A. and {Hildebrandt}, S. and {Guti{\'e}rrez}, C.~M. and {Fern{\'a}ndez-Cerezo}, S. and {Hoyland}, R.~J. and {Battistelli}, E.~S.},
        title = "{Detection of Anomalous Microwave Emission in the Perseus Molecular Cloud with the COSMOSOMAS Experiment}",
      journal = {\apjl},
     keywords = {Cosmology: Diffuse Radiation, ISM: Dust, Extinction, ISM: Individual: Alphanumeric: G159.6-18.5, Radiation Mechanisms: General, Radio Continuum: ISM, Astrophysics},
         year = 2005,
        month = may,
       volume = {624},
       number = {2},
        pages = {L89-L92},
          doi = {10.1086/430519},
archivePrefix = {arXiv},
       eprint = {astro-ph/0503714},
 primaryClass = {astro-ph},
       adsurl = {https://ui.adsabs.harvard.edu/abs/2005ApJ...624L..89W},
      adsnote = {Provided by the SAO/NASA Astrophysics Data System}
}

@ARTICLE{CBASS_gal_em,
       author = {{Harper}, S.~E. and {Dickinson}, C. and {Barr}, A. and {Cepeda-Arroita}, R. and {Grumitt}, R.~D.~P. and {Heilgendorff}, H.~M. and {Jew}, L. and {Jonas}, J.~L. and {Jones}, M.~E. and {Leahy}, J.~P. and {Leech}, J. and {Pearson}, T.~J. and {Peel}, M.~W. and {Readhead}, A.~C.~S. and {Taylor}, A.~C.},
        title = "{The C-Band All-Sky Survey (C-BASS): Template Fitting of Diffuse Galactic Microwave Emission in the Northern Sky}",
      journal = {arXiv e-prints},
     keywords = {Astrophysics - Astrophysics of Galaxies},
         year = 2022,
        month = feb,
          eid = {arXiv:2202.10411},
        pages = {arXiv:2202.10411},
archivePrefix = {arXiv},
       eprint = {2202.10411},
 primaryClass = {astro-ph.GA},
       adsurl = {https://ui.adsabs.harvard.edu/abs/2022arXiv220210411H},
      adsnote = {Provided by the SAO/NASA Astrophysics Data System}
}

