@ARTICLE{1982OptEn..21..769M,
   author = {{Mather}, J.~C.},
    title = "{The Cosmic Background Explorer (COBE)}",
  journal = {Opt. Eng.},
 keywords = {Background Radiation, Cosmic Background Explorer Satellite, Diffuse Radiation, Infrared Spectrophotometers, Microwave Radiometers, Spaceborne Astronomy, Aerospace Environments, Cosmology, Cryogenics, Far Infrared Radiation, Instrument Errors, Microwave Spectra, Satellite-Borne Instruments, Spectral Sensitivity},
     year = 1982,
    month = aug,
   volume = 21,
    pages = {769-774},
   adsurl = {http://adsabs.harvard.edu/abs/1982OptEn..21..769M},
  adsnote = {Provided by the SAO/NASA Astrophysics Data System}
}

@ARTICLE{2003ApJ...583....1B,
   author = {{Bennett}, C.~L. and {Bay}, M. and {Halpern}, M. and {Hinshaw}, G. and 
	{Jackson}, C. and {Jarosik}, N. and {Kogut}, A. and {Limon}, M. and 
	{Meyer}, S.~S. and {Page}, L. and {Spergel}, D.~N. and {Tucker}, G.~S. and 
	{Wilkinson}, D.~T. and {Wollack}, E. and {Wright}, E.~L.},
    title = "{The Microwave Anisotropy Probe Mission}",
  journal = {Astrophys. J.},
   eprint = {astro-ph/0301158},
 keywords = {Cosmology: Cosmic Microwave Background, Cosmology: Observations, Cosmology: Dark Matter, Cosmology: Early Universe, Space Vehicles: Instruments},
     year = 2003,
    month = jan,
   volume = 583,
    pages = {1-23},
      doi = {10.1086/345346},
   adsurl = {http://adsabs.harvard.edu/abs/2003ApJ...583....1B},
  adsnote = {Provided by the SAO/NASA Astrophysics Data System}
}


@ARTICLE{2019A&A...629A..38D,
       author = {{Delouis}, J. -M. and {Pagano}, L. and {Mottet}, S. and {Puget}, J. -L. and
         {Vibert}, L.},
        title = "{SRoll2: an improved mapmaking approach to reduce large-scale systematic effects in the Planck High Frequency Instrument legacy maps}",
      journal = {\aap},
     keywords = {cosmology: observations, cosmic background radiation, surveys, methods: data analysis, Astrophysics - Cosmology and Nongalactic Astrophysics},
         year = 2019,
        month = sep,
       volume = {629},
          eid = {A38},
        pages = {A38},
          doi = {10.1051/0004-6361/201834882},
archivePrefix = {arXiv},
       eprint = {1901.11386},
 primaryClass = {astro-ph.CO},
       adsurl = {https://ui.adsabs.harvard.edu/abs/2019A&A...629A..38D},
      adsnote = {Provided by the SAO/NASA Astrophysics Data System}
}

@ARTICLE{1998A&AS..127..555D,
   author = {{Delabrouille}, J.},
    title = "{Analysis of the accuracy of a destriping method for future cosmic microwave background mapping with the PLANCK SURVEYOR satellite}",
  journal = {Astron. Astrophys. Supp. Ser.},
 keywords = {METHODS: DATA ANALYSIS, COSMOLOGY: COSMIC MICROWAVE BACKGROUND, SPACE VEHICLES},
     year = 1998,
    month = feb,
   volume = 127,
    pages = {555-567},
      doi = {10.1051/aas:1998119},
   adsurl = {http://cdsads.u-strasbg.fr/abs/1998A%26AS..127..555D},
  adsnote = {Provided by the SAO/NASA Astrophysics Data System}
}

@ARTICLE{1999astro.ph..6360B,
   author = {{Burigana}, C. and {Malaspina}, M. and {Mandolesi}, N. and {Danse}, L. and 
	{Maino}, D. and {Bersanelli}, M. and {Maltoni}, M.},
    title = "{A preliminary study on destriping techniques of PLANCK/LFI measurements versus observational strategy}",
  journal = {ArXiv e-prints},
   eprint = {astro-ph/9906360},
 keywords = {Astrophysics},
     year = 1999,
    month = jun,
   adsurl = {http://adsabs.harvard.edu/abs/1999astro.ph..6360B},
  adsnote = {Provided by the SAO/NASA Astrophysics Data System}
}

@ARTICLE{1999A&AS..140..383M,
   author = {{Maino}, D. and {Burigana}, C. and {Maltoni}, M. and {Wandelt}, B.~D. and 
	{G{\'o}rski}, K.~M. and {Malaspina}, M. and {Bersanelli}, M. and 
	{Mandolesi}, N. and {Banday}, A.~J. and {Hivon}, E.},
    title = "{The Planck-LFI instrument: Analysis of the 1/f noise and implications for the scanning strategy}",
  journal = {Astron. Astrophys. Supp. Ser.},
   eprint = {astro-ph/9906010},
 keywords = {METHODS: DATA ANALYSIS, COSMOLOGY: COSMIC MICROWAVE BACKGROUND, SPACE VEHICLES},
     year = 1999,
    month = dec,
   volume = 140,
    pages = {383-391},
      doi = {10.1051/aas:1999429},
   adsurl = {http://cdsads.u-strasbg.fr/abs/1999A%26AS..140..383M},
  adsnote = {Provided by the SAO/NASA Astrophysics Data System}
}

@ARTICLE{2002A&A...387..356M,
   author = {{Maino}, D. and {Burigana}, C. and {G{\'o}rski}, K.~M. and {Mandolesi}, N. and 
	{Bersanelli}, M.},
    title = "{Removing 1/f noise stripes in cosmic microwave background anisotropy observations}",
  journal = {Astron. Astrophys.},
   eprint = {astro-ph/0202271},
 keywords = {methods: data analysis, cosmology: cosmic microwave background},
     year = 2002,
    month = may,
   volume = 387,
    pages = {356-365},
      doi = {10.1051/0004-6361:20020242},
   adsurl = {http://cdsads.u-strasbg.fr/abs/2002A%26A...387..356M},
  adsnote = {Provided by the SAO/NASA Astrophysics Data System}
}

@ARTICLE{2004A&A...428..287K,
   author = {{Keih{\"a}nen}, E. and {Kurki-Suonio}, H. and {Poutanen}, T. and 
	{Maino}, D. and {Burigana}, C.},
    title = "{A maximum likelihood approach to the destriping technique}",
  journal = {Astron. Astrophys.},
 keywords = {methods: data analysis, cosmology: cosmic microwave background},
     year = 2004,
    month = dec,
   volume = 428,
    pages = {287-298},
      doi = {10.1051/0004-6361:200400060},
   adsurl = {http://cdsads.u-strasbg.fr/abs/2004A%26A...428..287K},
  adsnote = {Provided by the SAO/NASA Astrophysics Data System}
}

@ARTICLE{2005MNRAS.360..390K,
   author = {{Keih{\"a}nen}, E. and {Kurki-Suonio}, H. and {Poutanen}, T.
	},
    title = "{MADAM- a map-making method for CMB experiments}",
  journal = {Mon. Not. R. Astron. Soc.},
   eprint = {astro-ph/0412517},
 keywords = {methods: data analysis, cosmic microwave background},
     year = 2005,
    month = jun,
   volume = 360,
    pages = {390-400},
      doi = {10.1111/j.1365-2966.2005.09055.x},
   adsurl = {http://adsabs.harvard.edu/abs/2005MNRAS.360..390K},
  adsnote = {Provided by the SAO/NASA Astrophysics Data System}
}

@ARTICLE{2009A&A...506.1511K,
       author = {{Kurki-Suonio}, H. and {Keih{\"a}nen}, E. and {Keskitalo}, R. and
         {Poutanen}, T. and {Sirvi{\"o}}, A. -S. and {Maino}, D. and
         {Burigana}, C.},
        title = "{Destriping CMB temperature and polarization maps}",
      journal = {\aap},
     keywords = {methods: data analysis, cosmology: cosmic microwave background, Astrophysics - Instrumentation and Methods for Astrophysics, Astrophysics - Cosmology and Extragalactic Astrophysics},
         year = 2009,
        month = nov,
       volume = {506},
       number = {3},
        pages = {1511-1539},
          doi = {10.1051/0004-6361/200912361},
archivePrefix = {arXiv},
       eprint = {0904.3623},
 primaryClass = {astro-ph.IM},
       adsurl = {https://ui.adsabs.harvard.edu/abs/2009A&A...506.1511K},
      adsnote = {Provided by the SAO/NASA Astrophysics Data System}
}

@ARTICLE{2010A&A...510A..57K,
       author = {{Keih{\"a}nen}, E. and {Keskitalo}, R. and {Kurki-Suonio}, H. and
         {Poutanen}, T. and {Sirvi{\"o}}, A. -S.},
        title = "{Making cosmic microwave background temperature and polarization maps with MADAM}",
      journal = {\aap},
     keywords = {cosmology: cosmic microwave background, methods: data analysis, Astrophysics - Cosmology and Nongalactic Astrophysics},
         year = 2010,
        month = feb,
       volume = {510},
          eid = {A57},
        pages = {A57},
          doi = {10.1051/0004-6361/200912813},
archivePrefix = {arXiv},
       eprint = {0907.0367},
 primaryClass = {astro-ph.CO},
       adsurl = {https://ui.adsabs.harvard.edu/abs/2010A&A...510A..57K},
      adsnote = {Provided by the SAO/NASA Astrophysics Data System}
}

@ARTICLE{2016A&A...594A...6P,
       author = {{Planck Collaboration} and {Ade}, P.~A.~R. and {Aghanim}, N. and
         {Ashdown}, M. and {Aumont}, J. and {Baccigalupi}, C. and {Band
        ay}, A.~J. and {Barreiro}, R.~B. and {Bartolo}, N. and {Battaner}, E. and
         {Benabed}, K. and {Beno{\^\i}t}, A. and {Benoit-L{\'e}vy}, A. and
         {Bernard}, J. -P. and {Bersanelli}, M. and {Bielewicz}, P. and
         {Bonaldi}, A. and {Bonavera}, L. and {Bond}, J.~R. and {Borrill}, J. and
         {Bouchet}, F.~R. and {Bucher}, M. and {Burigana}, C. and
         {Butler}, R.~C. and {Calabrese}, E. and {Cardoso}, J. -F. and
         {Catalano}, A. and {Chamballu}, A. and {Chary}, R. -R. and
         {Christensen}, P.~R. and {Colombi}, S. and {Colombo}, L.~P.~L. and
         {Crill}, B.~P. and {Curto}, A. and {Cuttaia}, F. and {Danese}, L. and
         {Davies}, R.~D. and {Davis}, R.~J. and {de Bernardis}, P. and
         {de Rosa}, A. and {de Zotti}, G. and {Delabrouille}, J. and
         {Dickinson}, C. and {Diego}, J.~M. and {Dole}, H. and {Donzelli}, S. and
         {Dor{\'e}}, O. and {Douspis}, M. and {Ducout}, A. and {Dupac}, X. and
         {Efstathiou}, G. and {Elsner}, F. and {En{\ss}lin}, T.~A. and
         {Eriksen}, H.~K. and {Fergusson}, J. and {Finelli}, F. and {Forni}, O. and
         {Frailis}, M. and {Franceschi}, E. and {Frejsel}, A. and
         {Galeotta}, S. and {Galli}, S. and {Ganga}, K. and {Giard}, M. and
         {Giraud-H{\'e}raud}, Y. and {Gjerl{\o}w}, E. and
         {Gonz{\'a}lez-Nuevo}, J. and {G{\'o}rski}, K.~M. and {Gratton}, S. and
         {Gregorio}, A. and {Gruppuso}, A. and {Hansen}, F.~K. and {Hanson}, D. and
         {Harrison}, D.~L. and {Henrot-Versill{\'e}}, S. and {Herranz}, D. and
         {Hildebrandt}, S.~R. and {Hivon}, E. and {Hobson}, M. and
         {Holmes}, W.~A. and {Hornstrup}, A. and {Hovest}, W. and
         {Huffenberger}, K.~M. and {Hurier}, G. and {Jaffe}, A.~H. and
         {Jaffe}, T.~R. and {Juvela}, M. and {Keih{\"a}nen}, E. and
         {Keskitalo}, R. and {Kiiveri}, K. and {Kisner}, T.~S. and {Knoche}, J. and
         {Kunz}, M. and {Kurki-Suonio}, H. and {L{\"a}hteenm{\"a}ki}, A. and
         {Lamarre}, J. -M. and {Lasenby}, A. and {Lattanzi}, M. and
         {Lawrence}, C.~R. and {Leahy}, J.~P. and {Leonardi}, R. and
         {Lesgourgues}, J. and {Levrier}, F. and {Liguori}, M. and
         {Lilje}, P.~B. and {Linden-V{\o}rnle}, M. and {Lindholm}, V. and
         {L{\'o}pez-Caniego}, M. and {Lubin}, P.~M. and
         {Mac{\'\i}as-P{\'e}rez}, J.~F. and {Maggio}, G. and {Maino}, D. and {Mand
        olesi}, N. and {Mangilli}, A. and {Martin}, P.~G. and
         {Mart{\'\i}nez-Gonz{\'a}lez}, E. and {Masi}, S. and {Matarrese}, S. and
         {Mazzotta}, P. and {McGehee}, P. and {Meinhold}, P.~R. and
         {Melchiorri}, A. and {Mendes}, L. and {Mennella}, A. and
         {Migliaccio}, M. and {Mitra}, S. and {Montier}, L. and {Morgante}, G. and
         {Mortlock}, D. and {Moss}, A. and {Munshi}, D. and {Murphy}, J.~A. and
         {Naselsky}, P. and {Nati}, F. and {Natoli}, P. and
         {Netterfield}, C.~B. and {N{\o}rgaard-Nielsen}, H.~U. and
         {Novikov}, D. and {Novikov}, I. and {Paci}, F. and {Pagano}, L. and
         {Paoletti}, D. and {Partridge}, B. and {Pasian}, F. and
         {Patanchon}, G. and {Pearson}, T.~J. and {Perdereau}, O. and
         {Perotto}, L. and {Perrotta}, F. and {Pettorino}, V. and
         {Pierpaoli}, E. and {Pietrobon}, D. and {Pointecouteau}, E. and
         {Polenta}, G. and {Pratt}, G.~W. and {Pr{\'e}zeau}, G. and
         {Prunet}, S. and {Puget}, J. -L. and {Rachen}, J.~P. and {Rebolo}, R. and
         {Reinecke}, M. and {Remazeilles}, M. and {Renzi}, A. and {Rocha}, G. and
         {Rosset}, C. and {Rossetti}, M. and {Roudier}, G. and
         {Rubi{\~n}o-Mart{\'\i}n}, J.~A. and {Rusholme}, B. and {Sandri}, M. and
         {Santos}, D. and {Savelainen}, M. and {Scott}, D. and
         {Seiffert}, M.~D. and {Shellard}, E.~P.~S. and {Spencer}, L.~D. and
         {Stolyarov}, V. and {Stompor}, R. and {Sutton}, D. and
         {Suur-Uski}, A. -S. and {Sygnet}, J. -F. and {Tauber}, J.~A. and
         {Terenzi}, L. and {Toffolatti}, L. and {Tomasi}, M. and {Tristram}, M. and
         {Tucci}, M. and {Tuovinen}, J. and {Valenziano}, L. and
         {Valiviita}, J. and {Van Tent}, B. and {Vassallo}, T. and {Vielva}, P. and
         {Villa}, F. and {Wade}, L.~A. and {Wandelt}, B.~D. and {Watson}, R. and
         {Wehus}, I.~K. and {Yvon}, D. and {Zacchei}, A. and {Zonca}, A.},
        title = "{Planck 2015 results. VI. LFI mapmaking}",
      journal = {\aap},
     keywords = {cosmic background radiation, methods: data analysis, Astrophysics - Cosmology and Nongalactic Astrophysics, Astrophysics - Instrumentation and Methods for Astrophysics},
         year = 2016,
        month = sep,
       volume = {594},
          eid = {A6},
        pages = {A6},
          doi = {10.1051/0004-6361/201525813},
archivePrefix = {arXiv},
       eprint = {1502.01585},
 primaryClass = {astro-ph.CO},
       adsurl = {https://ui.adsabs.harvard.edu/abs/2016A&A...594A...6P},
      adsnote = {Provided by the SAO/NASA Astrophysics Data System}
}


@ARTICLE{2012A&A...548A.110K,
       author = {{Keih{\"a}nen}, E. and {Reinecke}, M.},
        title = "{ArtDeco: a beam-deconvolution code for absolute cosmic microwave background measurements}",
      journal = {\aap},
     keywords = {cosmic background radiation, methods: data analysis, methods: numerical, Astrophysics - Instrumentation and Methods for Astrophysics, Astrophysics - Cosmology and Nongalactic Astrophysics},
         year = 2012,
        month = dec,
       volume = {548},
          eid = {A110},
        pages = {A110},
          doi = {10.1051/0004-6361/201220183},
archivePrefix = {arXiv},
       eprint = {1208.1399},
 primaryClass = {astro-ph.IM},
       adsurl = {https://ui.adsabs.harvard.edu/abs/2012A&A...548A.110K},
      adsnote = {Provided by the SAO/NASA Astrophysics Data System}
}


@ARTICLE{2019A&A...632A...1K,
       author = {{Keih{\"a}nen}, E. and {Lindholm}, V. and {Lopez-Caniego}, M. and
         {Maris}, M. and {Reinecke}, M. and {Sandri}, M. and {Suur-Uski}, A. -S.},
        title = "{Beam-deconvolved Planck LFI maps}",
      journal = {\aap},
     keywords = {cosmic background radiation, methods: data analysis, Astrophysics - Cosmology and Nongalactic Astrophysics},
         year = 2019,
        month = dec,
       volume = {632},
          eid = {A1},
        pages = {A1},
          doi = {10.1051/0004-6361/201935875},
archivePrefix = {arXiv},
       eprint = {1905.05440},
 primaryClass = {astro-ph.CO},
       adsurl = {https://ui.adsabs.harvard.edu/abs/2019A&A...632A...1K},
      adsnote = {Provided by the SAO/NASA Astrophysics Data System}
}


@ARTICLE{2004PhRvD..70l3007A,
   author = {{Armitage}, C. and {Wandelt}, B.~D.},
    title = "{Deconvolution map-making for cosmic microwave background observations}",
  journal = {Phys. Rev. D},
   eprint = {astro-ph/0410092},
 keywords = {Background radiations, Mathematical procedures and computer techniques},
     year = 2004,
    month = dec,
   volume = 70,
   number = 12,
      eid = {123007},
    pages = {123007},
      doi = {10.1103/PhysRevD.70.123007},
   adsurl = {http://cdsads.u-strasbg.fr/abs/2004PhRvD..70l3007A},
  adsnote = {Provided by the SAO/NASA Astrophysics Data System}
}

@ARTICLE{2009ApJS..181..533A,
   author = {{Armitage-Caplan}, C. and {Wandelt}, B.~D.},
    title = "{PReBeaM for Planck: A Polarized Regularized Beam Deconvolution Map-Making Method}",
  journal = {Astrophys. J. Suppl. Ser.},
archivePrefix = "arXiv",
   eprint = {arXiv:0807.4179},
 keywords = {cosmic microwave background, cosmology: observations, methods: data analysis},
     year = 2009,
    month = apr,
   volume = 181,
    pages = {533-542},
      doi = {10.1088/0067-0049/181/2/533},
   adsurl = {http://cdsads.u-strasbg.fr/abs/2009ApJS..181..533A},
  adsnote = {Provided by the SAO/NASA Astrophysics Data System}
}

@ARTICLE{2011A&A...532A..55H,
   author = {{Harrison}, D.~L. and {van Leeuwen}, F. and {Ashdown}, M.~A.~J.
	},
    title = "{A deconvolution map-making method for experiments with circular scanning strategies}",
  journal = {Astron. Astrophys.},
archivePrefix = "arXiv",
   eprint = {arXiv:1106.4237},
 primaryClass = "astro-ph.IM",
 keywords = {methods: data analysis, techniques: image processing, cosmic background radiation},
     year = 2011,
    month = aug,
   volume = 532,
      eid = {A55},
    pages = {A55},
      doi = {10.1051/0004-6361/201116986},
   adsurl = {http://cdsads.u-strasbg.fr/abs/2011A%26A...532A..55H},
  adsnote = {Provided by the SAO/NASA Astrophysics Data System}
}

@ARTICLE{Mennella_2010,
       author = {{Mennella}, A. and {Bersanelli}, M. and {Butler}, R.~C. and {Cuttaia}, F. and {D'Arcangelo}, O. and {Davis}, R.~J. and {Frailis}, M. and {Galeotta}, S. and {Gregorio}, A. and {Lawrence}, C.~R. and {Leonardi}, R. and {Lowe}, S.~R. and {Mandolesi}, N. and {Maris}, M. and {Meinhold}, P. and {Mendes}, L. and {Morgante}, G. and {Sandri}, M. and {Stringhetti}, L. and {Terenzi}, L. and {Tomasi}, M. and {Valenziano}, L. and {Villa}, F. and {Zacchei}, A. and {Zonca}, A. and {Balasini}, M. and {Franceschet}, C. and {Battaglia}, P. and {Lapolla}, P.~M. and {Leutenegger}, P. and {Miccolis}, M. and {Pagan}, L. and {Silvestri}, R. and {Aja}, B. and {Artal}, E. and {Baldan}, G. and {Bastia}, P. and {Bernardino}, T. and {Boschini}, L. and {Cafagna}, G. and {Cappellini}, B. and {Cavaliere}, F. and {Colombo}, F. and {de La Fuente}, L. and {Edgeley}, J. and {Falvella}, M.~C. and {Ferrari}, F. and {Fogliani}, S. and {Franceschi}, E. and {Gaier}, T. and {Gomez}, F. and {Herreros}, J.~M. and {Hildebrandt}, S. and {Hoyland}, R. and {Hughes}, N. and {Jukkala}, P. and {Kettle}, D. and {Laaninen}, M. and {Lawson}, D. and {Leahy}, P. and {Levin}, S. and {Lilje}, P.~B. and {Maino}, D. and {Malaspina}, M. and {Manzato}, P. and {Marti-Canales}, J. and {Martinez-Gonzalez}, E. and {Mediavilla}, A. and {Pasian}, F. and {Pascual}, J.~P. and {Pecora}, M. and {Peres-Cuevas}, L. and {Platania}, P. and {Pospieszalsky}, M. and {Poutanen}, T. and {Rebolo}, R. and {Roddis}, N. and {Salmon}, M. and {Seiffert}, M. and {Simonetto}, A. and {Sozzi}, C. and {Tauber}, J. and {Tuovinen}, J. and {Varis}, J. and {Wilkinson}, A. and {Winder}, F.},
        title = "{Planck pre-launch status: Low Frequency Instrument calibration and expected scientific performance}",
      journal = {\aap},
     keywords = {cosmic microwave background, telescopes, space vehicles: instruments, instrumentation: detectors, instrumentation: polarimeters, submillimeter: general, Astrophysics - Instrumentation and Methods for Astrophysics},
         year = 2010,
        month = sep,
       volume = {520},
          eid = {A5},
        pages = {A5},
          doi = {10.1051/0004-6361/200912849},
archivePrefix = {arXiv},
       eprint = {1001.4562},
 primaryClass = {astro-ph.IM},
       adsurl = {https://ui.adsabs.harvard.edu/abs/2010A&A...520A...5M},
      adsnote = {Provided by the SAO/NASA Astrophysics Data System}
}


@ARTICLE{Zacchei_2011,
       author = {{Zacchei}, A. and {Maino}, D. and {Baccigalupi}, C. and {Bersanelli}, M. and {Bonaldi}, A. and {Bonavera}, L. and {Burigana}, C. and {Butler}, R.~C. and {Cuttaia}, F. and {de Zotti}, G. and {Dick}, J. and {Frailis}, M. and {Galeotta}, S. and {Gonz{\'a}lez-Nuevo}, J. and {G{\'o}rski}, K.~M. and {Gregorio}, A. and {Keih{\"a}nen}, E. and {Keskitalo}, R. and {Knoche}, J. and {Kurki-Suonio}, H. and {Lawrence}, C.~R. and {Leach}, S. and {Leahy}, J.~P. and {L{\'o}pez-Caniego}, M. and {Mandolesi}, N. and {Maris}, M. and {Matthai}, F. and {Meinhold}, P.~R. and {Mennella}, A. and {Morgante}, G. and {Morisset}, N. and {Natoli}, P. and {Pasian}, F. and {Perrotta}, F. and {Polenta}, G. and {Poutanen}, T. and {Reinecke}, M. and {Ricciardi}, S. and {Rohlfs}, R. and {Sandri}, M. and {Suur-Uski}, A. -S. and {Tauber}, J.~A. and {Tavagnacco}, D. and {Terenzi}, L. and {Tomasi}, M. and {Valiviita}, J. and {Villa}, F. and {Zonca}, A. and {Banday}, A.~J. and {Barreiro}, R.~B. and {Bartlett}, J.~G. and {Bartolo}, N. and {Bedini}, L. and {Bennett}, K. and {Binko}, P. and {Borrill}, J. and {Bouchet}, F.~R. and {Bremer}, M. and {Cabella}, P. and {Cappellini}, B. and {Chen}, X. and {Colombo}, L. and {Cruz}, M. and {Curto}, A. and {Danese}, L. and {Davies}, R.~D. and {Davis}, R.~J. and {de Gasperis}, G. and {de Rosa}, A. and {de Troia}, G. and {Dickinson}, C. and {Diego}, J.~M. and {Donzelli}, S. and {D{\"o}rl}, U. and {Efstathiou}, G. and {En{\ss}lin}, T.~A. and {Eriksen}, H.~K. and {Falvella}, M.~C. and {Finelli}, F. and {Franceschi}, E. and {Gaier}, T.~C. and {Gasparo}, F. and {G{\'e}nova-Santos}, R.~T. and {Giardino}, G. and {G{\'o}mez}, F. and {Gruppuso}, A. and {Hansen}, F.~K. and {Hell}, R. and {Herranz}, D. and {Hovest}, W. and {Huynh}, M. and {Jewell}, J. and {Juvela}, M. and {Kisner}, T.~S. and {Knox}, L. and {L{\"a}hteenm{\"a}ki}, A. and {Lamarre}, J. -M. and {Leonardi}, R. and {Le{\'o}n-Tavares}, J. and {Lilje}, P.~B. and {Lubin}, P.~M. and {Maggio}, G. and {Marinucci}, D. and {Mart{\'\i}nez-Gonz{\'a}lez}, E. and {Massardi}, M. and {Matarrese}, S. and {Meharga}, M.~T. and {Melchiorri}, A. and {Migliaccio}, M. and {Mitra}, S. and {Moss}, A. and {N{\o}rgaard-Nielsen}, H.~U. and {Pagano}, L. and {Paladini}, R. and {Paoletti}, D. and {Partridge}, B. and {Pearson}, D. and {Pettorino}, V. and {Pietrobon}, D. and {Pr{\'e}zeau}, G. and {Procopio}, P. and {Puget}, J. -L. and {Quercellini}, C. and {Rachen}, J.~P. and {Rebolo}, R. and {Robbers}, G. and {Rocha}, G. and {Rubi{\~n}o-Mart{\'\i}n}, J.~A. and {Salerno}, E. and {Savelainen}, M. and {Scott}, D. and {Seiffert}, M.~D. and {Silk}, J.~I. and {Smoot}, G.~F. and {Sternberg}, J. and {Stivoli}, F. and {Stompor}, R. and {Tofani}, G. and {Toffolatti}, L. and {Tuovinen}, J. and {T{\"u}rler}, M. and {Umana}, G. and {Vielva}, P. and {Vittorio}, N. and {Vuerli}, C. and {Wade}, L.~A. and {Watson}, R. and {White}, S.~D.~M. and {Wilkinson}, A.},
        title = "{Planck early results. V. The Low Frequency Instrument data processing}",
      journal = {\aap},
     keywords = {methods: data analysis, cosmic background radiation, cosmology: observations, surveys, Astrophysics - Instrumentation and Methods for Astrophysics, Astrophysics - Cosmology and Nongalactic Astrophysics},
         year = 2011,
        month = dec,
       volume = {536},
          eid = {A5},
        pages = {A5},
          doi = {10.1051/0004-6361/201116484},
archivePrefix = {arXiv},
       eprint = {1101.2040},
 primaryClass = {astro-ph.IM},
       adsurl = {https://ui.adsabs.harvard.edu/abs/2011A&A...536A...5Z},
      adsnote = {Provided by the SAO/NASA Astrophysics Data System}
}

@article{sherman1949adjustment,
 ISSN = {00034851},
 URL = {http://www.jstor.org/stable/2236561},
 author = {Jack Sherman and Winifred J. Morrison},
 journal = {The Annals of Mathematical Statistics},
 number = {1},
 pages = {124--127},
 publisher = {Institute of Mathematical Statistics},
 title = {Adjustment of an Inverse Matrix Corresponding to a Change in One Element of a Given Matrix},
 urldate = {2022-08-20},
 volume = {21},
 year = {1950}
}


@ARTICLE{Sandri_2010,
       author = {{Sandri}, M. and {Villa}, F. and {Bersanelli}, M. and {Burigana}, C. and {Butler}, R.~C. and {D'Arcangelo}, O. and {Figini}, L. and {Gregorio}, A. and {Lawrence}, C.~R. and {Maino}, D. and {Mandolesi}, N. and {Maris}, M. and {Nesti}, R. and {Perrotta}, F. and {Platania}, P. and {Simonetto}, A. and {Sozzi}, C. and {Tauber}, J. and {Valenziano}, L.},
        title = "{Planck pre-launch status: Low Frequency Instrument optics}",
      journal = {\aap},
     keywords = {cosmic microwave background, space vehicles: instruments, instrumentation: detectors, submillimeter: general, telescopes},
         year = 2010,
        month = sep,
       volume = {520},
          eid = {A7},
        pages = {A7},
          doi = {10.1051/0004-6361/200912891},
       adsurl = {https://ui.adsabs.harvard.edu/abs/2010A&A...520A...7S},
      adsnote = {Provided by the SAO/NASA Astrophysics Data System}
}


