@article{Mennella_2003,
   title={Offset balancing in pseudo-correlation radiometers for CMB measurements},
   volume={410},
   ISSN={1432-0746},
   url={http://dx.doi.org/10.1051/0004-6361:20031266},
   DOI={10.1051/0004-6361:20031266},
   number={3},
   journal={Astronomy \& Astrophysics},
   publisher={EDP Sciences},
   author={Mennella, A. and Bersanelli, M. and Seiffert, M. and Kettle, D. and Roddis, N. and Wilkinson, A. and Meinhold, P.},
   year={2003},
   month={Nov},
   pages={1089â€“1100}
}
